2046 3380
237 139 288 187 P.
331 141 630 190 VERGILI
671 143 996 193 MARONIS

235 280 286 328 in
323 284 474 331 saltus
511 292 776 348 utrumque
812 301 1009 348 gregem
1045 295 1196 350 atque
1231 287 1282 336 in
1319 305 1503 353 pascua
1538 290 1710 352 mittet,
1752 354 1755 357 Δ

236 362 450 412 Luciferi
486 364 646 426 primo
684 381 798 413 cum
836 365 996 415 sidere
1032 366 1207 430 frigida
1244 386 1354 418 rura

235 459 506 508 carpamus,
536 446 658 493 dum
691 462 838 495 mane
870 464 1069 508 novum,
1099 451 1220 498 dum
1253 451 1474 513 gramina
1506 462 1698 514 canent,
1829 475 1908 516 325

234 533 283 572 et
319 541 397 573 ros
434 524 485 572 in
522 534 690 575 tenera
725 527 893 590 pecori
928 529 1230 592 gratissimus
1267 533 1432 581 herba.

233 605 350 654 inde
387 606 472 654 ubi
510 617 682 670 quarta
718 608 849 656 sitim
887 610 1009 659 caeli
1046 612 1296 675 collegerit
1332 615 1455 663 hora

233 695 281 735 et
318 696 465 735 cantu
503 691 737 751 querulae
772 701 1003 754 rumpent
1038 694 1238 742 arbusta
1273 693 1489 756 cicadae,

231 769 297 816 ad
332 777 510 830 puteos
545 780 631 818 aut
665 773 764 819 alta
798 789 967 836 greges
1003 775 1067 821 ad
1105 783 1276 837 stagna
1311 774 1497 825 iubebo

232 859 509 899 currentem
546 850 707 914 ilignis
743 863 915 916 potare
951 854 1206 904 canalibus
1242 858 1429 905 undam
1449 876 1463 919 3
1831 879 1911 919 330

232 931 449 980 aestibus
486 941 535 980 at
572 933 749 982 mediis
786 936 1072 984 umbrosam
1110 936 1363 1000 exquirere
1398 940 1590 999 vallem,

233 1012 391 1062 sicubi
430 1031 609 1078 magna
646 1016 780 1065 Iovis
816 1017 1022 1080 antiquo
1059 1019 1236 1067 robore
1274 1036 1484 1082 quercus

231 1093 443 1156 ingentis
481 1097 653 1144 tendat
689 1113 867 1157 ramos,
905 1107 990 1146 aut
1028 1098 1185 1148 sicubi
1223 1099 1417 1163 nigrum

229 1173 424 1223 ilicibus
462 1175 643 1224 crebris
681 1193 817 1226 sacra
853 1195 1030 1227 nemus
1066 1180 1277 1229 accubet
1313 1182 1517 1243 umbra,
1614 1240 1622 1244 ,

229 1264 335 1306 tum
373 1257 533 1305 tenuis
571 1259 688 1307 dare
724 1276 888 1308 rursus
924 1277 1078 1323 aquas
1116 1271 1164 1309 et
1200 1278 1401 1325 pascere
1437 1281 1600 1313 rursus
1825 1286 1904 1327 335

229 1337 345 1386 solis
383 1340 448 1387 ad
485 1355 733 1400 occasum,
772 1358 887 1390 cum
924 1342 1127 1405 frigidus
1164 1347 1276 1392 aera
1311 1361 1485 1408 vesper
1824 1359 1825 1362 ’

229 1429 482 1483 temperat,
525 1430 573 1469 et
609 1424 760 1471 saltus
796 1423 951 1472 reficit
987 1424 1085 1472 iam
1122 1425 1316 1474 roscida
1352 1428 1481 1487 luna,

229 1501 471 1564 litoraque
506 1504 749 1565 alcyonen
785 1514 1031 1565 resonant,
1071 1506 1386 1555 acalanthida
1421 1508 1573 1557 dumi.

298 1582 434 1644 Quid
471 1582 560 1631 tibi
597 1593 817 1647 pastores
856 1585 1055 1648 Libyae,
1095 1587 1216 1650 quid
1252 1605 1437 1651 pascua
1471 1606 1613 1638 versu

227 1681 497 1728 prosequar
532 1674 580 1713 et
616 1665 733 1715 raris
770 1666 991 1715 habitata
1027 1667 1239 1732 mapalia
1275 1669 1454 1718 tectis?
1822 1692 1904 1733 340

228 1762 375 1808 saepe
413 1745 546 1794 diem
583 1755 886 1810 noctemque
922 1757 970 1796 et
1007 1757 1167 1797 toturn
1204 1766 1264 1798 ex
1300 1750 1473 1799 ordine
1509 1768 1733 1801 mensem

226 1826 442 1890 pascitur
477 1827 614 1889 itque
648 1845 802 1890 pecus
839 1831 986 1893 longa
1022 1829 1073 1878 in
1110 1832 1304 1879 deserta
1340 1831 1446 1881 sine
1481 1832 1592 1881 ullis

226 1907 483 1970 hospitiis:
527 1917 721 1957 tantum
758 1910 923 1973 campi
960 1910 1099 1959 iacet.
1174 1912 1343 1960 omnia
1380 1929 1549 1962 secum

225 1989 547 2037 armentarius
584 1992 703 2039 Afer
738 1990 850 2054 agit,
890 2001 1178 2056 tectumque
1213 1995 1466 2058 laremque
1819 2018 1901 2058 344

224 2087 460 2133 armaque
481 2073 911 2135 Amyclaeumque
948 2090 1123 2123 canem
1159 2076 1489 2139 Cressamque
1521 2072 1800 2140 pharetram
1818 2097 1833 2140 ;

225 2169 328 2200 non
366 2169 507 2201 secus
543 2170 602 2202 ac
639 2154 806 2217 patriis
842 2172 955 2203 acer
993 2158 1252 2206 Romanus
1289 2158 1340 2205 in
1376 2158 1523 2207 armis
1742 2154 1745 2156 ξ

224 2232 407 2281 iniusto
444 2235 537 2283 sub
574 2236 707 2283 fasce
743 2235 873 2284 viam
911 2253 1024 2285 cum
1064 2237 1231 2300 carpit,
1273 2247 1321 2287 et
1357 2238 1489 2288 hosti

223 2324 339 2364 ante
375 2325 712 2379 exspectatum
750 2317 923 2380 positis
960 2327 1056 2367 stat
1090 2319 1141 2367 in
1177 2319 1375 2383 agmine
1410 2320 1591 2369 castris.

291 2399 359 2444 At
394 2414 497 2445 non
534 2414 631 2460 qua
669 2399 897 2461 Scythiae
933 2409 1105 2463 gentes
1144 2400 1464 2464 Maeotiaque
1499 2403 1646 2462 unda,

223 2478 449 2527 turbidus
486 2489 534 2527 et
571 2489 806 2543 torquens
843 2482 1067 2531 flaventis
1107 2482 1279 2532 Hister
1314 2485 1535 2544 harenas,
1817 2502 1898 2546 350

224 2578 422 2623 quaque
458 2561 584 2609 redit
620 2562 842 2611 medium
882 2565 1134 2627 Rhodope
1169 2574 1393 2627 porrecta
1429 2566 1521 2613 sub
1557 2582 1712 2614 axem.

223 2642 321 2691 illic
358 2645 523 2691 clausa
559 2653 730 2692 tenent
768 2645 972 2694 stabulis
1008 2655 1243 2706 armenta,
1283 2663 1445 2709 neque
1482 2649 1610 2695 ullae

278 2786 359 2822 323
373 2775 469 2822 -348
482 2773 669 2824 FMPR;
699 2783 794 2825 349,
817 2787 899 2825 350
913 2774 1064 2822 MPR;
1096 2788 1191 2825 351,
1214 2788 1294 2825 352
1312 2775 1490 2814 MPRV
1655 2789 1735 2826 323
1755 2778 1895 2816 mittet
1922 2824 1925 2825 ⁷

226 2826 277 2865 M
282 2828 294 2850 ¹
312 2843 319 2866 :
343 2829 487 2867 mittes
509 2830 621 2867 ceteri
728 2843 810 2879 329
830 2831 976 2868 iubeto
988 2830 1031 2868 F
1031 2829 1216 2879 “MR‘ybc
1225 2831 1389 2869 Nonius
1407 2831 1584 2869 ‘iubebo
1605 2844 1615 2869 τ
1644 2831 1869 2871 aliiiubeto
1882 2833 1894 2848 ’

223 2883 339 2921 schol.
363 2884 487 2922 Bern.
646 2896 724 2932 331
748 2891 822 2924 aut
841 2883 994 2922 F1MP
1141 2896 1220 2934 345
1251 2898 1435 2924 crassam
1457 2886 1489 2923 c¹
1517 2889 1746 2936 agnoscunt
1769 2886 1890 2926 schol.

223 2936 346 2976 Bern.
564 2950 642 2987 347
673 2938 809 2977 inuito
829 2939 871 2976 F
1009 2939 1144 2978 hostis
1163 2939 1225 2977 P:
1259 2940 1423 2978 hostem
1446 2938 1500 2977 M
1504 2939 1585 2978 ¹c¹vr
1740 2941 1821 2989 348
1850 2942 1894 2979 in

223 3003 302 3031 om.
324 2991 367 3029 R
460 2992 629 3041 agmina
649 2991 895 3031 PRibbeck:
926 2994 1132 3043 oppositis
1153 2999 1265 3032 stant
1285 2995 1455 3044 agmina
1474 2994 1712 3046 Peerlkamp
