2014 3372
1401 158 1546 206 AEN
1551 157 1761 207 EIDOS
1798 159 1846 204 V

178 297 315 346 defer
349 295 400 344 in
439 294 645 344 Italiam.
718 312 839 360 gens
874 297 999 345 dura
1032 304 1183 359 atque
1217 312 1390 359 aspera
1426 297 1562 344 cultu
1767 313 1845 357 730

178 378 475 426 debellanda
510 376 599 426 tibi
636 376 780 426 Latio
817 386 902 426 est.
978 377 1108 426 Ditis
1145 386 1312 426 tamen
1348 386 1463 426 ante

178 456 391 506 infernas
426 458 611 507 accede
647 459 826 507 domos
862 467 911 507 et
945 460 1143 507 Averna
1177 475 1265 522 per
1299 460 1398 506 alta

177 554 469 600 congressus
504 547 630 601 pete,
670 547 798 599 nate,
838 555 990 588 meos.
1064 555 1167 587 non
1203 555 1284 588 me
1319 538 1471 602 impia
1506 554 1722 601 namque

177 623 380 670 Tartara
414 622 612 682 habent,
652 622 811 672 tristes
847 623 1066 682 umbrae,
1105 624 1194 672 sed
1229 640 1441 672 amoena
1474 623 1670 686 piorum

177 702 387 751 concilia
423 702 745 766 Elysiumque
781 706 905 752 colo.
979 705 1078 752 huc
1113 713 1248 753 casta
1283 704 1468 767 Sibylla
1767 720 1842 763 735

177 783 423 848 nigrarum
459 787 617 834 multo
652 788 903 849 pecudum
939 795 988 835 te
1024 786 1262 849 sanguine
1298 788 1460 836 ducet.

159 874 282 913 -tum
317 883 471 929 genus
508 882 658 915 omne
694 875 834 915 tuum
870 875 919 915 et
955 883 1083 930 quae
1119 868 1298 916 dentur
1333 867 1531 916 moenia
1566 866 1738 916 disces.

176 944 374 1008 iamque
413 948 520 995 vale
537 965 552 1007 ,-
596 956 793 1010 torquet
833 948 1024 997 medios
1062 950 1176 996 Nox
1211 947 1382 997 umida
1417 964 1587 997 cursus

176 1034 225 1074 et
262 1043 343 1074 me
378 1044 550 1078 saevus
588 1029 727 1092 equis
766 1029 943 1078 Oriens
978 1029 1180 1078 adflavit
1220 1029 1440 1078 anhelis.'

177 1105 363 1156 dixerat
400 1118 448 1157 et
485 1110 646 1159 tenuis
683 1110 804 1173 fugit
841 1127 933 1159 ceu
971 1112 1135 1159 fumus
1173 1110 1225 1158 in
1262 1128 1416 1160 auras.
1767 1127 1843 1171 740

177 1187 372 1236 Aeneas
414 1193 425 1214 ‘
444 1207 543 1253 quo
581 1191 764 1240 deinde
801 1191 934 1240 ruis?
985 1208 1085 1254 quo
1123 1191 1400 1255 proripis?'
1448 1191 1621 1255 inquit,

182 1271 356 1331 ‘quem
393 1271 555 1334 fugis?
601 1282 686 1322 aut
723 1272 833 1336 quis
869 1281 918 1321 te
954 1272 1133 1321 nostris
1172 1272 1511 1337 complexibus
1546 1274 1742 1321 arcet?'

177 1350 302 1398 haec
338 1368 618 1402 memorans
655 1354 871 1402 cinerem
908 1362 957 1402 et
992 1353 1181 1416 sopitos
1219 1354 1420 1402 suscitat
1456 1353 1594 1416 ignis,

177 1432 600 1497 Pergameumque
638 1437 814 1483 Larem
851 1443 900 1483 et
936 1451 1089 1483 canae
1124 1434 1394 1497 penetralia
1427 1436 1610 1483 Vestae

175 1514 300 1566 farre
333 1513 418 1576 pio
455 1524 503 1564 et
538 1518 686 1578 plena
721 1518 927 1579 supplex
961 1525 1220 1565 veneratur
1252 1533 1430 1564 acerra.
1767 1533 1842 1577 745

244 1596 508 1659 Extemplo
545 1596 705 1646 socios
743 1597 1059 1661 primumque
1094 1596 1299 1645 accersit
1335 1600 1550 1646 Acesten

175 1684 224 1724 et
261 1676 394 1725 Iovis
430 1676 691 1740 imperium
729 1687 777 1727 et
814 1678 912 1727 cari
947 1688 1209 1741 praecepta
1244 1678 1458 1742 parentis

176 1758 354 1806 edocet
391 1767 439 1806 et
476 1770 606 1822 quae·
637 1776 772 1808 nunc
807 1760 977 1809 animo
1014 1760 1258 1809 sententia
1293 1768 1497 1809 constet.

175 1837 310 1886 haud
347 1856 484 1888 mora
520 1840 750 1900 consiliis,
791 1858 884 1890 nec
920 1841 1052 1889 iussa
1087 1850 1278 1890 recusat
1313 1844 1531 1890 Acestes.

173 1920 504 1969 transcribunt
540 1922 649 1971 urbi
686 1931 864 1971 matres
901 1924 1243 1985 populumque
1278 1924 1528 1971 volentem
1764 1940 1844 1983 750

172 2000 445 2063 deponunt,
485 2002 678 2051 animos
715 2002 784 2050 nil
821 2019 1028 2066 magnae
1065 2003 1223 2052 laudis
1260 2003 1459 2065 egentis.

173 2080 267 2144 ipsi
292 2090 499 2130 transtra
534 2093 720 2132 novant
756 2083 1067 2146 flammisque
1102 2084 1306 2132 ambesa
1341 2092 1587 2146 reponunt

172 2163 351 2211 robora
386 2163 603 2227 navigiis,
642 2173 814 2228 aptant
850 2181 1112 2227 remosque
1150 2164 1484 2228 rudentisque,

172 2243 333 2306 exigui
369 2261 589 2305 numero,
629 2247 718 2294 sed
755 2246 886 2295 bello
922 2246 1085 2295 vivida
1120 2246 1283 2295 virtus.

172 2323 358 2374 interea
394 2328 590 2375 Aeneas
627 2328 800 2376 urbem
838 2326 1062 2391 designat
1095 2337 1255 2376 aratro
1764 2347 1838 2391 755

173 2406 470 2470 sortiturque
507 2409 685 2457 domos
703 2428 716 2469 3
765 2411 862 2458 hoc
902 2409 1049 2457 Ilium
1087 2418 1135 2457 et
1170 2411 1293 2458 haec
1330 2412 1440 2459 loca
1464 2409 1666 2461 Troiam

173 2503 280 2535 esse
315 2487 464 2537 iubet.
539 2491 721 2553 gaudet
758 2507 907 2554 regno
947 2490 1191 2539 Troianus
1228 2494 1433 2540 Acestes

172 2567 443 2632 indicitque
479 2572 641 2619 forum
678 2580 727 2620 et
764 2571 984 2634 patribus
1024 2574 1108 2621 dat
1146 2571 1250 2621 iura
1284 2573 1483 2623 vocatis.

173 2657 278 2697 tum
314 2650 474 2699 vicina
509 2652 647 2700 astris
685 2652 900 2715 Erycino
937 2652 988 2700 in
1024 2653 1204 2703 vertice
1241 2656 1382 2703 sedes

171 2730 404 2778 fundatur
438 2731 621 2780 Veneri
659 2733 859 2792 Idaliae,
899 2736 1192 2796 tumuloque
1229 2736 1457 2783 sacerdos
1760 2744 1838 2795 760

227 2860 416 2908 730-760
445 2859 577 2898 MPR
824 2875 899 2911 731
933 2868 999 2901 est
1034 2863 1154 2902 Latio
1183 2863 1226 2900 P
1390 2875 1468 2913 734
1498 2865 1698 2904 tristesve
1729 2863 1838 2903 M²b²

172 2924 252 2962 739
280 2915 454 2965 saevus]
471 2915 637 2953 Foebus
658 2914 857 2954 Sacerdos
970 2929 1048 2966 740
1079 2917 1143 2968 in]
1162 2918 1215 2956 ad
1245 2917 1309 2956 P:
1343 2918 1385 2957 in
1406 2918 1459 2957 ad
1480 2918 1523 2968 7¹
1635 2931 1713 2968 752
1735 2933 1834 2969 -que

170 2970 495 3074 opvztehzrbbssssobat
518 2969 691 3008 sz'c'ala
716 2974 915 3008 commate
931 2976 1027 3021 post
1055 2972 1225 3011 ambesa
1249 2973 1407 3024 posito:
1441 2972 1547 3012 idem
1570 2979 1838 3026 proposuerat
