<?xml version="1.0" encoding="UTF-8"?>
<!DOCTYPE html PUBLIC "-//W3C//DTD XHTML 1.0 Transitional//EN"
    "http://www.w3.org/TR/xhtml1/DTD/xhtml1-transitional.dtd">
<html xmlns="http://www.w3.org/1999/xhtml" xml:lang="en" lang="en">
 <head>
  <title>
</title>
<meta http-equiv="Content-Type" content="text/html;charset=utf-8" />
  <meta name='ocr-system' content='tesseract 3.04.00' />
  <meta name='ocr-capabilities' content='ocr_page ocr_carea ocr_par ocr_line ocrx_word'/>
</head>
<body>
  <div class='ocr_page' id='page_1' title='image "./operarecognovitb00virguoft_0401.png"; bbox 0 0 2014 3372; ppageno 0'>
   <div class='ocr_carea' id='block_1_1' title="bbox 1380 147 1852 198">
    <p class='ocr_par' dir='ltr' id='par_1_1' title="bbox 1380 147 1852 198">
     <span class='ocr_line' id='line_1_1' title="bbox 1380 147 1852 198; baseline -0.002 -2"><span class='ocrx_word' id='word_1_1' title='bbox 1380 148 1740 198; x_wconf 89' lang='lat' dir='ltr'>AENEIDOS</span> <span class='ocrx_word' id='word_1_2' title='bbox 1776 147 1852 195; x_wconf 93' lang='lat' dir='ltr'>XI</span> 
     </span>
    </p>
   </div>
   <div class='ocr_carea' id='block_1_2' title="bbox 162 287 1858 2706">
    <p class='ocr_par' dir='ltr' id='par_1_2' title="bbox 190 287 1851 516">
     <span class='ocr_line' id='line_1_2' title="bbox 190 287 1457 358; baseline -0.006 -14"><span class='ocrx_word' id='word_1_3' title='bbox 190 302 341 358; x_wconf 91' lang='lat' dir='ltr'>atque</span> <span class='ocrx_word' id='word_1_4' title='bbox 377 292 468 342; x_wconf 88' lang='lat' dir='ltr'>iter</span> <span class='ocrx_word' id='word_1_5' title='bbox 504 289 692 341; x_wconf 87' lang='lat' dir='ltr'><strong>emensi</strong></span> <span class='ocrx_word' id='word_1_6' title='bbox 729 306 871 338; x_wconf 90' lang='lat' dir='ltr'>casus</span> <span class='ocrx_word' id='word_1_7' title='bbox 908 287 1246 352; x_wconf 84' lang='lat' dir='ltr'><strong>superavimus</strong></span> <span class='ocrx_word' id='word_1_8' title='bbox 1282 287 1457 348; x_wconf 91' lang='lat' dir='ltr'>omnis,</span> 
     </span>
     <span class='ocr_line' id='line_1_3' title="bbox 191 369 1851 438; baseline -0.005 -14"><span class='ocrx_word' id='word_1_9' title='bbox 191 373 588 438; x_wconf 88' lang='lat' dir='ltr'>contigimusque</span> <span class='ocrx_word' id='word_1_10' title='bbox 623 388 827 420; x_wconf 89' lang='lat' dir='ltr'>manum</span> <span class='ocrx_word' id='word_1_11' title='bbox 864 386 963 434; x_wconf 91' lang='lat' dir='ltr'>qua</span> <span class='ocrx_word' id='word_1_12' title='bbox 998 370 1218 419; x_wconf 84' lang='lat' dir='ltr'>concidit</span> <span class='ocrx_word' id='word_1_13' title='bbox 1255 369 1347 419; x_wconf 89' lang='lat' dir='ltr'>Ilia</span> <span class='ocrx_word' id='word_1_14' title='bbox 1380 372 1537 419; x_wconf 87' lang='lat' dir='ltr'>tellus.</span> <span class='ocrx_word' id='word_1_15' title='bbox 1777 389 1851 430; x_wconf 80' lang='lat'>²45</span> 
     </span>
     <span class='ocr_line' id='line_1_4' title="bbox 190 451 1551 516; baseline -0.004 -11"><span class='ocrx_word' id='word_1_16' title='bbox 190 456 272 505; x_wconf 92' lang='lat' dir='ltr'>ille</span> <span class='ocrx_word' id='word_1_17' title='bbox 307 455 481 504; x_wconf 91' lang='lat' dir='ltr'>urbem</span> <span class='ocrx_word' id='word_1_18' title='bbox 516 452 804 516; x_wconf 86' lang='lat' dir='ltr'>Argyripam</span> <span class='ocrx_word' id='word_1_19' title='bbox 841 451 1025 515; x_wconf 86' lang='lat' dir='ltr'>patriae</span> <span class='ocrx_word' id='word_1_20' title='bbox 1061 451 1358 514; x_wconf 85' lang='lat' dir='ltr'>cognomine</span> <span class='ocrx_word' id='word_1_21' title='bbox 1392 451 1551 515; x_wconf 91' lang='lat' dir='ltr'>gentis</span> 
     </span>
    </p>

    <p class='ocr_par' dir='ltr' id='par_1_3' title="bbox 190 532 1287 598">
     <span class='ocr_line' id='line_1_5' title="bbox 190 532 1287 598; baseline -0.004 -13"><span class='ocrx_word' id='word_1_22' title='bbox 190 536 346 586; x_wconf 90' lang='lat' dir='ltr'>victor</span> <span class='ocrx_word' id='word_1_23' title='bbox 381 534 595 598; x_wconf 87' lang='lat' dir='ltr'>Gargani</span> <span class='ocrx_word' id='word_1_24' title='bbox 630 534 881 583; x_wconf 89' lang='lat' dir='ltr'>condebat</span> <span class='ocrx_word' id='word_1_25' title='bbox 918 532 1113 596; x_wconf 87' lang='lat' dir='ltr'>Iapygis</span> <span class='ocrx_word' id='word_1_26' title='bbox 1149 532 1287 595; x_wconf 88' lang='lat' dir='ltr'>agris.</span> 
     </span>
    </p>

    <p class='ocr_par' dir='ltr' id='par_1_4' title="bbox 190 613 1581 682">
     <span class='ocr_line' id='line_1_6' title="bbox 190 613 1581 682; baseline -0.004 -14"><span class='ocrx_word' id='word_1_27' title='bbox 190 627 457 682; x_wconf 87' lang='lat' dir='ltr'>postquam</span> <span class='ocrx_word' id='word_1_28' title='bbox 494 615 775 679; x_wconf 81' lang='lat' dir='ltr'>introgressi</span> <span class='ocrx_word' id='word_1_29' title='bbox 811 624 860 664; x_wconf 92' lang='lat' dir='ltr'>et</span> <span class='ocrx_word' id='word_1_30' title='bbox 896 631 1062 664; x_wconf 91' lang='lat' dir='ltr'>coram</span> <span class='ocrx_word' id='word_1_31' title='bbox 1099 615 1215 663; x_wconf 92' lang='lat' dir='ltr'>data</span> <span class='ocrx_word' id='word_1_32' title='bbox 1251 613 1394 678; x_wconf 91' lang='lat' dir='ltr'>copia</span> <span class='ocrx_word' id='word_1_33' title='bbox 1429 614 1581 674; x_wconf 91' lang='lat' dir='ltr'>fandi,</span> 
     </span>
    </p>

    <p class='ocr_par' dir='ltr' id='par_1_5' title="bbox 191 695 1615 761">
     <span class='ocr_line' id='line_1_7' title="bbox 191 695 1615 761; baseline -0.003 -13"><span class='ocrx_word' id='word_1_34' title='bbox 191 716 396 748; x_wconf 91' lang='lat' dir='ltr'>munera</span> <span class='ocrx_word' id='word_1_35' title='bbox 429 696 759 761; x_wconf 91' lang='lat' dir='ltr'>praeferimus,</span> <span class='ocrx_word' id='word_1_36' title='bbox 799 713 984 746; x_wconf 93' lang='lat' dir='ltr'>nomen</span> <span class='ocrx_word' id='word_1_37' title='bbox 1020 695 1327 759; x_wconf 86' lang='lat' dir='ltr'>patriamque</span> <span class='ocrx_word' id='word_1_38' title='bbox 1362 698 1615 755; x_wconf 83' lang='lat' dir='ltr'>docemus,</span> 
     </span>
    </p>

    <p class='ocr_par' dir='ltr' id='par_1_6' title="bbox 162 777 1854 923">
     <span class='ocr_line' id='line_1_8' title="bbox 162 777 1854 843; baseline -0.002 -15"><span class='ocrx_word' id='word_1_39' title='bbox 162 780 276 843; x_wconf 72' lang='lat' dir='ltr'>iqui</span> <span class='ocrx_word' id='word_1_40' title='bbox 312 781 497 829; x_wconf 91' lang='lat' dir='ltr'>bellum</span> <span class='ocrx_word' id='word_1_41' title='bbox 533 778 797 837; x_wconf 89' lang='lat' dir='ltr'>intulerint,</span> <span class='ocrx_word' id='word_1_42' title='bbox 838 794 967 841; x_wconf 91' lang='lat' dir='ltr'>quae</span> <span class='ocrx_word' id='word_1_43' title='bbox 1003 794 1151 826; x_wconf 89' lang='lat' dir='ltr'>causa</span> <span class='ocrx_word' id='word_1_44' title='bbox 1185 777 1431 826; x_wconf 86' lang='lat' dir='ltr'>attraxerit</span> <span class='ocrx_word' id='word_1_45' title='bbox 1467 780 1641 841; x_wconf 89' lang='lat' dir='ltr'>Arpos.</span> <span class='ocrx_word' id='word_1_46' title='bbox 1775 795 1854 837; x_wconf 84' lang='lat'>250</span> 
     </span>
     <span class='ocr_line' id='line_1_9' title="bbox 190 858 1383 923; baseline -0.003 -13"><span class='ocrx_word' id='word_1_47' title='bbox 190 861 368 910; x_wconf 89' lang='lat' dir='ltr'>auditis</span> <span class='ocrx_word' id='word_1_48' title='bbox 404 860 485 909; x_wconf 91' lang='lat' dir='ltr'>ille</span> <span class='ocrx_word' id='word_1_49' title='bbox 521 861 644 909; x_wconf 92' lang='lat' dir='ltr'>haec</span> <span class='ocrx_word' id='word_1_50' title='bbox 679 858 877 923; x_wconf 91' lang='lat' dir='ltr'>placido</span> <span class='ocrx_word' id='word_1_51' title='bbox 914 858 983 907; x_wconf 91' lang='lat' dir='ltr'>sic</span> <span class='ocrx_word' id='word_1_52' title='bbox 1018 858 1235 908; x_wconf 87' lang='lat' dir='ltr'>reddidit</span> <span class='ocrx_word' id='word_1_53' title='bbox 1270 875 1383 908; x_wconf 90' lang='lat' dir='ltr'>ore:</span> 
     </span>
    </p>

    <p class='ocr_par' dir='ltr' id='par_1_7' title="bbox 194 940 1260 1006">
     <span class='ocr_line' id='line_1_10' title="bbox 194 940 1260 1006; baseline -0.002 -15"><span class='ocrx_word' id='word_1_54' title='bbox 194 946 269 991; x_wconf 92' lang='lat' dir='ltr'>“o</span> <span class='ocrx_word' id='word_1_55' title='bbox 304 944 580 991; x_wconf 90' lang='lat' dir='ltr'>fortunatae</span> <span class='ocrx_word' id='word_1_56' title='bbox 614 950 799 1006; x_wconf 85' lang='lat' dir='ltr'>genteS‚</span> <span class='ocrx_word' id='word_1_57' title='bbox 838 940 1065 990; x_wconf 87' lang='lat' dir='ltr'>Saturnia</span> <span class='ocrx_word' id='word_1_58' title='bbox 1099 957 1260 1004; x_wconf 90' lang='lat' dir='ltr'>regna,</span> 
     </span>
    </p>

    <p class='ocr_par' dir='ltr' id='par_1_8' title="bbox 190 1022 1387 1086">
     <span class='ocr_line' id='line_1_11' title="bbox 190 1022 1387 1086; baseline -0.001 -15"><span class='ocrx_word' id='word_1_59' title='bbox 190 1022 380 1086; x_wconf 90' lang='lat' dir='ltr'>antiqui</span> <span class='ocrx_word' id='word_1_60' title='bbox 415 1022 638 1082; x_wconf 89' lang='lat' dir='ltr'>Ausonii,</span> <span class='ocrx_word' id='word_1_61' title='bbox 678 1039 806 1086; x_wconf 92' lang='lat' dir='ltr'>quae</span> <span class='ocrx_word' id='word_1_62' title='bbox 839 1039 927 1071; x_wconf 93' lang='lat' dir='ltr'>vos</span> <span class='ocrx_word' id='word_1_63' title='bbox 963 1024 1159 1071; x_wconf 88' lang='lat' dir='ltr'>fortuna</span> <span class='ocrx_word' id='word_1_64' title='bbox 1194 1023 1387 1085; x_wconf 91' lang='lat' dir='ltr'>quietos</span> 
     </span>
    </p>

    <p class='ocr_par' dir='ltr' id='par_1_9' title="bbox 191 1103 1412 1167">
     <span class='ocr_line' id='line_1_12' title="bbox 191 1103 1412 1167; baseline -0.001 -15"><span class='ocrx_word' id='word_1_65' title='bbox 191 1103 419 1153; x_wconf 90' lang='lat' dir='ltr'>sollicitat</span> <span class='ocrx_word' id='word_1_66' title='bbox 456 1105 731 1166; x_wconf 89' lang='lat' dir='ltr'>suadetque</span> <span class='ocrx_word' id='word_1_67' title='bbox 766 1104 935 1167; x_wconf 85' lang='lat' dir='ltr'>ignota</span> <span class='ocrx_word' id='word_1_68' title='bbox 968 1105 1207 1152; x_wconf 89' lang='lat' dir='ltr'>lacessere</span> <span class='ocrx_word' id='word_1_69' title='bbox 1244 1103 1412 1152; x_wconf 89' lang='lat' dir='ltr'>bella?</span> 
     </span>
    </p>

    <p class='ocr_par' dir='ltr' id='par_1_10' title="bbox 192 1184 1853 1330">
     <span class='ocr_line' id='line_1_13' title="bbox 192 1184 1853 1250; baseline -0.003 -15"><span class='ocrx_word' id='word_1_70' title='bbox 192 1186 493 1250; x_wconf 91' lang='lat' dir='ltr'>quicumque</span> <span class='ocrx_word' id='word_1_71' title='bbox 531 1185 709 1234; x_wconf 92' lang='lat' dir='ltr'>Iliacos</span> <span class='ocrx_word' id='word_1_72' title='bbox 745 1187 871 1234; x_wconf 86' lang='lat' dir='ltr'>ferro</span> <span class='ocrx_word' id='word_1_73' title='bbox 906 1184 1196 1234; x_wconf 89' lang='lat' dir='ltr'>violavimus</span> <span class='ocrx_word' id='word_1_74' title='bbox 1231 1200 1371 1247; x_wconf 88' lang='lat' dir='ltr'>agros</span> <span class='ocrx_word' id='word_1_75' title='bbox 1778 1202 1853 1243; x_wconf 86' lang='lat'>255</span> 
     </span>
     <span class='ocr_line' id='line_1_14' title="bbox 194 1264 1633 1330; baseline -0.001 -16"><span class='ocrx_word' id='word_1_76' title='bbox 194 1267 357 1330; x_wconf 90' lang='lat' dir='ltr'>(mitto</span> <span class='ocrx_word' id='word_1_77' title='bbox 394 1284 452 1316; x_wconf 90' lang='lat' dir='ltr'>ea</span> <span class='ocrx_word' id='word_1_78' title='bbox 488 1283 615 1330; x_wconf 92' lang='lat' dir='ltr'>quae</span> <span class='ocrx_word' id='word_1_79' title='bbox 651 1266 802 1315; x_wconf 90' lang='lat' dir='ltr'>muris</span> <span class='ocrx_word' id='word_1_80' title='bbox 840 1266 1072 1315; x_wconf 91' lang='lat' dir='ltr'>bellando</span> <span class='ocrx_word' id='word_1_81' title='bbox 1109 1267 1345 1315; x_wconf 86' lang='lat' dir='ltr'>exhausta</span> <span class='ocrx_word' id='word_1_82' title='bbox 1381 1266 1473 1314; x_wconf 89' lang='lat' dir='ltr'>sub</span> <span class='ocrx_word' id='word_1_83' title='bbox 1509 1264 1633 1324; x_wconf 90' lang='lat' dir='ltr'>altis,</span> 
     </span>
    </p>

    <p class='ocr_par' dir='ltr' id='par_1_11' title="bbox 193 1346 1631 1493">
     <span class='ocr_line' id='line_1_15' title="bbox 193 1346 1631 1412; baseline -0.003 -15"><span class='ocrx_word' id='word_1_84' title='bbox 193 1366 317 1412; x_wconf 89' lang='lat' dir='ltr'>quos</span> <span class='ocrx_word' id='word_1_85' title='bbox 355 1348 534 1398; x_wconf 87' lang='lat' dir='ltr'>Simois</span> <span class='ocrx_word' id='word_1_86' title='bbox 571 1357 761 1411; x_wconf 88' lang='lat' dir='ltr'>premat</span> <span class='ocrx_word' id='word_1_87' title='bbox 796 1347 877 1396; x_wconf 91' lang='lat' dir='ltr'>ille</span> <span class='ocrx_word' id='word_1_88' title='bbox 912 1347 1062 1411; x_wconf 87' lang='lat' dir='ltr'>viros)</span> <span class='ocrx_word' id='word_1_89' title='bbox 1098 1347 1302 1396; x_wconf 92' lang='lat' dir='ltr'>infanda</span> <span class='ocrx_word' id='word_1_90' title='bbox 1337 1363 1424 1410; x_wconf 93' lang='lat' dir='ltr'>per</span> <span class='ocrx_word' id='word_1_91' title='bbox 1459 1346 1631 1395; x_wconf 92' lang='lat' dir='ltr'>orbem</span> 
     </span>
     <span class='ocr_line' id='line_1_16' title="bbox 193 1427 1604 1493; baseline -0.001 -16"><span class='ocrx_word' id='word_1_92' title='bbox 193 1429 434 1493; x_wconf 91' lang='lat' dir='ltr'>supplicia</span> <span class='ocrx_word' id='word_1_93' title='bbox 472 1439 520 1478; x_wconf 91' lang='lat' dir='ltr'>et</span> <span class='ocrx_word' id='word_1_94' title='bbox 557 1431 796 1478; x_wconf 90' lang='lat' dir='ltr'>scelerum</span> <span class='ocrx_word' id='word_1_95' title='bbox 832 1445 1019 1492; x_wconf 90' lang='lat' dir='ltr'>poenas</span> <span class='ocrx_word' id='word_1_96' title='bbox 1056 1427 1380 1491; x_wconf 87' lang='lat' dir='ltr'>expendimus</span> <span class='ocrx_word' id='word_1_97' title='bbox 1417 1444 1604 1487; x_wconf 90' lang='lat' dir='ltr'>omnes,</span> 
     </span>
    </p>

    <p class='ocr_par' dir='ltr' id='par_1_12' title="bbox 191 1508 1665 1570">
     <span class='ocr_line' id='line_1_17' title="bbox 191 1508 1665 1570; baseline -0.001 -12"><span class='ocrx_word' id='word_1_98' title='bbox 191 1513 269 1559; x_wconf 93' lang='lat' dir='ltr'>vel</span> <span class='ocrx_word' id='word_1_99' title='bbox 306 1510 501 1559; x_wconf 90' lang='lat' dir='ltr'>Priamo</span> <span class='ocrx_word' id='word_1_100' title='bbox 538 1510 818 1558; x_wconf 90' lang='lat' dir='ltr'>miseranda</span> <span class='ocrx_word' id='word_1_101' title='bbox 852 1527 1062 1570; x_wconf 71' lang='lat' dir='ltr'>manus,</span> <span class='ocrx_word' id='word_1_102' title='bbox 1110 1508 1201 1558; x_wconf 91' lang='lat' dir='ltr'>scit</span> <span class='ocrx_word' id='word_1_103' title='bbox 1237 1509 1372 1558; x_wconf 87' lang='lat' dir='ltr'>triste</span> <span class='ocrx_word' id='word_1_104' title='bbox 1410 1508 1665 1557; x_wconf 92' lang='lat' dir='ltr'>Minervae</span> 
     </span>
    </p>

    <p class='ocr_par' dir='ltr' id='par_1_13' title="bbox 193 1590 1858 1720">
     <span class='ocr_line' id='line_1_18' title="bbox 193 1590 1858 1653; baseline -0.002 -13"><span class='ocrx_word' id='word_1_105' title='bbox 193 1591 328 1641; x_wconf 90' lang='lat' dir='ltr'>sidus</span> <span class='ocrx_word' id='word_1_106' title='bbox 365 1601 414 1640; x_wconf 91' lang='lat' dir='ltr'>et</span> <span class='ocrx_word' id='word_1_107' title='bbox 452 1590 707 1640; x_wconf 92' lang='lat' dir='ltr'>Euboicae</span> <span class='ocrx_word' id='word_1_108' title='bbox 743 1600 910 1639; x_wconf 91' lang='lat' dir='ltr'>cautes</span> <span class='ocrx_word' id='word_1_109' title='bbox 947 1593 1174 1653; x_wconf 92' lang='lat' dir='ltr'>ultorque</span> <span class='ocrx_word' id='word_1_110' title='bbox 1211 1591 1510 1652; x_wconf 89' lang='lat' dir='ltr'>Caphereus.</span> <span class='ocrx_word' id='word_1_111' title='bbox 1779 1595 1858 1637; x_wconf 87' lang='lat'>260</span> 
     </span>
     <span class='ocr_line' id='line_1_19' title="bbox 193 1670 1310 1720; baseline -0.001 -1"><span class='ocrx_word' id='word_1_112' title='bbox 193 1671 365 1720; x_wconf 92' lang='lat' dir='ltr'>militia</span> <span class='ocrx_word' id='word_1_113' title='bbox 401 1689 460 1720; x_wconf 92' lang='lat' dir='ltr'>ex</span> <span class='ocrx_word' id='word_1_114' title='bbox 496 1671 578 1719; x_wconf 92' lang='lat' dir='ltr'>illa</span> <span class='ocrx_word' id='word_1_115' title='bbox 615 1671 862 1720; x_wconf 90' lang='lat' dir='ltr'>diversum</span> <span class='ocrx_word' id='word_1_116' title='bbox 898 1673 963 1720; x_wconf 93' lang='lat' dir='ltr'>ad</span> <span class='ocrx_word' id='word_1_117' title='bbox 999 1671 1113 1719; x_wconf 91' lang='lat' dir='ltr'>litus</span> <span class='ocrx_word' id='word_1_118' title='bbox 1149 1670 1310 1719; x_wconf 93' lang='lat' dir='ltr'>abacti</span> 
     </span>
    </p>

    <p class='ocr_par' dir='ltr' id='par_1_14' title="bbox 193 1753 1445 1815">
     <span class='ocr_line' id='line_1_20' title="bbox 193 1753 1445 1815; baseline -0.002 -13"><span class='ocrx_word' id='word_1_119' title='bbox 193 1753 391 1802; x_wconf 88' lang='lat' dir='ltr'>Atrides</span> <span class='ocrx_word' id='word_1_120' title='bbox 429 1753 593 1802; x_wconf 92' lang='lat' dir='ltr'>Protei</span> <span class='ocrx_word' id='word_1_121' title='bbox 633 1754 892 1801; x_wconf 90' lang='lat' dir='ltr'>Menelaus</span> <span class='ocrx_word' id='word_1_122' title='bbox 928 1754 1153 1815; x_wconf 91' lang='lat' dir='ltr'>adusque</span> <span class='ocrx_word' id='word_1_123' title='bbox 1189 1753 1445 1801; x_wconf 90' lang='lat' dir='ltr'>columnas</span> 
     </span>
    </p>

    <p class='ocr_par' dir='ltr' id='par_1_15' title="bbox 194 1832 1347 1896">
     <span class='ocr_line' id='line_1_21' title="bbox 194 1832 1347 1896; baseline -0.002 -13"><span class='ocrx_word' id='word_1_124' title='bbox 194 1837 395 1895; x_wconf 88' lang='lat' dir='ltr'>exsulat,</span> <span class='ocrx_word' id='word_1_125' title='bbox 436 1837 688 1883; x_wconf 90' lang='lat' dir='ltr'>Aetnaeos</span> <span class='ocrx_word' id='word_1_126' title='bbox 728 1833 850 1882; x_wconf 90' lang='lat' dir='ltr'>vidit</span> <span class='ocrx_word' id='word_1_127' title='bbox 887 1834 1131 1896; x_wconf 91' lang='lat' dir='ltr'>Cyclopas</span> <span class='ocrx_word' id='word_1_128' title='bbox 1167 1832 1347 1881; x_wconf 92' lang='lat' dir='ltr'>Vlixes.</span> 
     </span>
    </p>

    <p class='ocr_par' dir='ltr' id='par_1_16' title="bbox 194 1912 1465 1979">
     <span class='ocr_line' id='line_1_22' title="bbox 194 1912 1465 1979; baseline -0.003 -16"><span class='ocrx_word' id='word_1_129' title='bbox 194 1932 342 1979; x_wconf 86' lang='lat' dir='ltr'>regna</span> <span class='ocrx_word' id='word_1_130' title='bbox 378 1914 696 1978; x_wconf 90' lang='lat' dir='ltr'>Neoptolemi</span> <span class='ocrx_word' id='word_1_131' title='bbox 732 1915 937 1963; x_wconf 91' lang='lat' dir='ltr'>referam</span> <span class='ocrx_word' id='word_1_132' title='bbox 973 1930 1239 1976; x_wconf 90' lang='lat' dir='ltr'>versosque</span> <span class='ocrx_word' id='word_1_133' title='bbox 1274 1912 1465 1976; x_wconf 91' lang='lat' dir='ltr'>penatis</span> 
     </span>
    </p>

    <p class='ocr_par' dir='ltr' id='par_1_17' title="bbox 195 1993 1855 2141">
     <span class='ocr_line' id='line_1_23' title="bbox 197 1993 1855 2058; baseline -0.003 -14"><span class='ocrx_word' id='word_1_134' title='bbox 197 1996 493 2045; x_wconf 90' lang='lat' dir='ltr'>Idomenei?</span> <span class='ocrx_word' id='word_1_135' title='bbox 543 1997 797 2058; x_wconf 87' lang='lat' dir='ltr'>Libycone</span> <span class='ocrx_word' id='word_1_136' title='bbox 835 1993 1101 2042; x_wconf 91' lang='lat' dir='ltr'>habitantis</span> <span class='ocrx_word' id='word_1_137' title='bbox 1138 1994 1278 2042; x_wconf 89' lang='lat' dir='ltr'>litore</span> <span class='ocrx_word' id='word_1_138' title='bbox 1315 1995 1538 2042; x_wconf 89' lang='lat' dir='ltr'>Locros?</span> <span class='ocrx_word' id='word_1_139' title='bbox 1779 1999 1855 2052; x_wconf 90' lang='lat'>265</span> 
     </span>
     <span class='ocr_line' id='line_1_24' title="bbox 195 2073 1465 2141; baseline -0.003 -16"><span class='ocrx_word' id='word_1_140' title='bbox 195 2076 300 2141; x_wconf 91' lang='lat' dir='ltr'>ipse</span> <span class='ocrx_word' id='word_1_141' title='bbox 338 2081 639 2141; x_wconf 88' lang='lat' dir='ltr'>Mycenaeus</span> <span class='ocrx_word' id='word_1_142' title='bbox 679 2094 969 2140; x_wconf 87' lang='lat' dir='ltr'>magnorum</span> <span class='ocrx_word' id='word_1_143' title='bbox 1006 2076 1183 2132; x_wconf 87' lang='lat' dir='ltr'>ductor</span> <span class='ocrx_word' id='word_1_144' title='bbox 1217 2073 1465 2122; x_wconf 91' lang='lat' dir='ltr'>Achivum</span> 
     </span>
    </p>

    <p class='ocr_par' dir='ltr' id='par_1_18' title="bbox 196 2154 1452 2222">
     <span class='ocr_line' id='line_1_25' title="bbox 196 2154 1452 2222; baseline -0.006 -15"><span class='ocrx_word' id='word_1_145' title='bbox 196 2158 418 2221; x_wconf 85' lang='lat' dir='ltr'>coniugis</span> <span class='ocrx_word' id='word_1_146' title='bbox 454 2158 686 2207; x_wconf 90' lang='lat' dir='ltr'>infandae</span> <span class='ocrx_word' id='word_1_147' title='bbox 724 2158 881 2222; x_wconf 90' lang='lat' dir='ltr'>prima</span> <span class='ocrx_word' id='word_1_148' title='bbox 917 2156 1043 2205; x_wconf 91' lang='lat' dir='ltr'>inter</span> <span class='ocrx_word' id='word_1_149' title='bbox 1078 2154 1248 2202; x_wconf 91' lang='lat' dir='ltr'>limina</span> <span class='ocrx_word' id='word_1_150' title='bbox 1283 2156 1452 2202; x_wconf 89' lang='lat' dir='ltr'>dextra</span> 
     </span>
    </p>

    <p class='ocr_par' dir='ltr' id='par_1_19' title="bbox 196 2236 1406 2303">
     <span class='ocr_line' id='line_1_26' title="bbox 196 2236 1406 2303; baseline -0.005 -15"><span class='ocrx_word' id='word_1_151' title='bbox 196 2239 416 2303; x_wconf 89' lang='lat' dir='ltr'>oppetiit,</span> <span class='ocrx_word' id='word_1_152' title='bbox 456 2240 700 2289; x_wconf 89' lang='lat' dir='ltr'>devictam</span> <span class='ocrx_word' id='word_1_153' title='bbox 738 2239 910 2288; x_wconf 89' lang='lat' dir='ltr'>Asiam</span> <span class='ocrx_word' id='word_1_154' title='bbox 946 2236 1169 2286; x_wconf 89' lang='lat' dir='ltr'>subsedit</span> <span class='ocrx_word' id='word_1_155' title='bbox 1204 2237 1406 2283; x_wconf 88' lang='lat' dir='ltr'>adulter.</span> 
     </span>
    </p>

    <p class='ocr_par' dir='ltr' id='par_1_20' title="bbox 196 2315 1278 2383">
     <span class='ocr_line' id='line_1_27' title="bbox 196 2315 1278 2383; baseline -0.004 -16"><span class='ocrx_word' id='word_1_156' title='bbox 196 2318 429 2369; x_wconf 91' lang='lat' dir='ltr'>invidisse</span> <span class='ocrx_word' id='word_1_157' title='bbox 464 2323 598 2380; x_wconf 89' lang='lat' dir='ltr'>deos,</span> <span class='ocrx_word' id='word_1_158' title='bbox 637 2320 803 2383; x_wconf 89' lang='lat' dir='ltr'>patriis</span> <span class='ocrx_word' id='word_1_159' title='bbox 840 2328 893 2368; x_wconf 92' lang='lat' dir='ltr'>ut</span> <span class='ocrx_word' id='word_1_160' title='bbox 928 2317 1149 2367; x_wconf 89' lang='lat' dir='ltr'>redditus</span> <span class='ocrx_word' id='word_1_161' title='bbox 1184 2315 1278 2364; x_wconf 92' lang='lat' dir='ltr'>aris</span> 
     </span>
    </p>

    <p class='ocr_par' dir='ltr' id='par_1_21' title="bbox 197 2395 1857 2543">
     <span class='ocr_line' id='line_1_28' title="bbox 197 2395 1857 2464; baseline -0.004 -16"><span class='ocrx_word' id='word_1_162' title='bbox 197 2400 480 2463; x_wconf 87' lang='lat' dir='ltr'>coniugium</span> <span class='ocrx_word' id='word_1_163' title='bbox 517 2410 742 2464; x_wconf 87' lang='lat' dir='ltr'>optatum</span> <span class='ocrx_word' id='word_1_164' title='bbox 779 2410 828 2450; x_wconf 91' lang='lat' dir='ltr'>et</span> <span class='ocrx_word' id='word_1_165' title='bbox 864 2401 1120 2464; x_wconf 91' lang='lat' dir='ltr'>pulchram</span> <span class='ocrx_word' id='word_1_166' title='bbox 1159 2398 1417 2458; x_wconf 87' lang='lat' dir='ltr'>Calydona</span> <span class='ocrx_word' id='word_1_167' title='bbox 1451 2395 1706 2444; x_wconf 87' lang='lat' dir='ltr'>viderem?</span> <span class='ocrx_word' id='word_1_168' title='bbox 1780 2412 1857 2456; x_wconf 80' lang='lat'>270</span> 
     </span>
     <span class='ocr_line' id='line_1_29' title="bbox 197 2480 1485 2543; baseline -0.004 -15"><span class='ocrx_word' id='word_1_169' title='bbox 197 2497 331 2529; x_wconf 92' lang='lat' dir='ltr'>nunc</span> <span class='ocrx_word' id='word_1_170' title='bbox 367 2481 514 2530; x_wconf 89' lang='lat' dir='ltr'>etiam</span> <span class='ocrx_word' id='word_1_171' title='bbox 550 2481 770 2530; x_wconf 86' lang='lat' dir='ltr'>horribili</span> <span class='ocrx_word' id='word_1_172' title='bbox 805 2480 911 2529; x_wconf 91' lang='lat' dir='ltr'>visu</span> <span class='ocrx_word' id='word_1_173' title='bbox 948 2488 1177 2543; x_wconf 88' lang='lat' dir='ltr'>portenta</span> <span class='ocrx_word' id='word_1_174' title='bbox 1214 2485 1485 2540; x_wconf 90' lang='lat' dir='ltr'>sequuntur</span> 
     </span>
    </p>

    <p class='ocr_par' dir='ltr' id='par_1_22' title="bbox 198 2558 1332 2624">
     <span class='ocr_line' id='line_1_30' title="bbox 198 2558 1332 2624; baseline -0.004 -14"><span class='ocrx_word' id='word_1_175' title='bbox 198 2571 246 2610; x_wconf 92' lang='lat' dir='ltr'>et</span> <span class='ocrx_word' id='word_1_176' title='bbox 282 2562 402 2611; x_wconf 92' lang='lat' dir='ltr'>socii</span> <span class='ocrx_word' id='word_1_177' title='bbox 437 2562 603 2611; x_wconf 87' lang='lat' dir='ltr'>amissi</span> <span class='ocrx_word' id='word_1_178' title='bbox 640 2561 886 2624; x_wconf 89' lang='lat' dir='ltr'>petierunt</span> <span class='ocrx_word' id='word_1_179' title='bbox 921 2563 1120 2610; x_wconf 92' lang='lat' dir='ltr'>aethera</span> <span class='ocrx_word' id='word_1_180' title='bbox 1155 2558 1332 2623; x_wconf 91' lang='lat' dir='ltr'>pennis</span> 
     </span>
    </p>

    <p class='ocr_par' dir='ltr' id='par_1_23' title="bbox 198 2640 1577 2706">
     <span class='ocr_line' id='line_1_31' title="bbox 198 2640 1577 2706; baseline -0.005 -15"><span class='ocrx_word' id='word_1_181' title='bbox 198 2642 585 2705; x_wconf 89' lang='lat' dir='ltr'>fluminibusque</span> <span class='ocrx_word' id='word_1_182' title='bbox 619 2651 856 2705; x_wconf 87' lang='lat' dir='ltr'>vagantur</span> <span class='ocrx_word' id='word_1_183' title='bbox 890 2659 1004 2690; x_wconf 90' lang='lat' dir='ltr'>aves</span> <span class='ocrx_word' id='word_1_184' title='bbox 1042 2642 1173 2706; x_wconf 84' lang='lat' dir='ltr'>(heu,</span> <span class='ocrx_word' id='word_1_185' title='bbox 1214 2640 1319 2689; x_wconf 91' lang='lat' dir='ltr'>dira</span> <span class='ocrx_word' id='word_1_186' title='bbox 1354 2654 1577 2687; x_wconf 92' lang='lat' dir='ltr'>meorum</span> 
     </span>
    </p>
   </div>
   <div class='ocr_carea' id='block_1_3' title="bbox 199 2763 1859 2929">
    <p class='ocr_par' dir='ltr' id='par_1_24' title="bbox 199 2763 1859 2929">
     <span class='ocr_line' id='line_1_32' title="bbox 255 2763 1857 2821; baseline -0.002 -12"><span class='ocrx_word' id='word_1_187' title='bbox 255 2783 442 2821; x_wconf 63' lang='grc'><strong>244273</strong></span> <span class='ocrx_word' id='word_1_188' title='bbox 482 2771 612 2809; x_wconf 86' lang='lat' dir='ltr'>MPR</span> <span class='ocrx_word' id='word_1_189' title='bbox 919 2784 996 2820; x_wconf 89' lang='lat'>247</span> <span class='ocrx_word' id='word_1_190' title='bbox 1037 2770 1147 2809; x_wconf 85' lang='lat' dir='ltr'>arvis</span> <span class='ocrx_word' id='word_1_191' title='bbox 1186 2769 1255 2807; x_wconf 80' lang='lat' dir='ltr'>b2n·</span> <span class='ocrx_word' id='word_1_192' title='bbox 1292 2768 1498 2807; x_wconf 74' lang='lat' dir='ltr'>deteriores</span> <span class='ocrx_word' id='word_1_193' title='bbox 1534 2765 1707 2816; x_wconf 81' lang='lat' dir='ltr'>quidam</span> <span class='ocrx_word' id='word_1_194' title='bbox 1745 2763 1857 2805; x_wconf 82' lang='lat' dir='ltr'>Serv.</span> 
     </span>
     <span class='ocr_line' id='line_1_33' title="bbox 199 2819 1859 2875; baseline -0.004 -11"><span class='ocrx_word' id='word_1_195' title='bbox 199 2822 274 2875; x_wconf 73' lang='lat'>25&#39;1</span> <span class='ocrx_word' id='word_1_196' title='bbox 307 2826 439 2864; x_wconf 89' lang='lat' dir='ltr'>edidit</span> <span class='ocrx_word' id='word_1_197' title='bbox 461 2824 512 2862; x_wconf 96' lang='lat' dir='ltr'><em>M</em></span> <span class='ocrx_word' id='word_1_198' title='bbox 515 2824 530 2846; x_wconf 77' lang='lat'>²</span> <span class='ocrx_word' id='word_1_199' title='bbox 638 2826 715 2864; x_wconf 88' lang='lat'>261</span> <span class='ocrx_word' id='word_1_200' title='bbox 749 2825 885 2864; x_wconf 86' lang='lat' dir='ltr'>adacti</span> <span class='ocrx_word' id='word_1_201' title='bbox 906 2824 973 2862; x_wconf 69' lang='grc' dir='ltr'>Μ2</span> <span class='ocrx_word' id='word_1_202' title='bbox 1082 2826 1174 2872; x_wconf 82' lang='lat'>264,</span> <span class='ocrx_word' id='word_1_203' title='bbox 1208 2820 1287 2873; x_wconf 87' lang='grc'>265</span> <span class='ocrx_word' id='word_1_204' title='bbox 1295 2827 1392 2874; x_wconf 85' lang='lat' dir='ltr'>post</span> <span class='ocrx_word' id='word_1_205' title='bbox 1405 2823 1484 2860; x_wconf 85' lang='lat'>268</span> <span class='ocrx_word' id='word_1_206' title='bbox 1505 2821 1681 2860; x_wconf 86' lang='lat' dir='ltr'>conlocat</span> <span class='ocrx_word' id='word_1_207' title='bbox 1693 2819 1859 2858; x_wconf 79' lang='lat' dir='ltr'>Ribbeck</span> 
     </span>
     <span class='ocr_line' id='line_1_34' title="bbox 200 2873 1859 2929; baseline -0.004 -11"><span class='ocrx_word' id='word_1_208' title='bbox 200 2882 279 2926; x_wconf 86' lang='lat'>267</span> <span class='ocrx_word' id='word_1_209' title='bbox 309 2880 419 2918; x_wconf 85' lang='lat' dir='ltr'>intra</span> <span class='ocrx_word' id='word_1_210' title='bbox 439 2878 554 2917; x_wconf 88' lang='lat' dir='ltr'>MRb</span> <span class='ocrx_word' id='word_1_211' title='bbox 682 2881 764 2919; x_wconf 88' lang='lat'>268</span> <span class='ocrx_word' id='word_1_212' title='bbox 794 2879 961 2918; x_wconf 89' lang='lat' dir='ltr'>devicta</span> <span class='ocrx_word' id='word_1_213' title='bbox 979 2878 1085 2918; x_wconf 90' lang='lat' dir='ltr'>Asia</span> <span class='ocrx_word' id='word_1_214' title='bbox 1102 2876 1213 2929; x_wconf 75' lang='lat' dir='ltr'>7²b²c</span> <span class='ocrx_word' id='word_1_215' title='bbox 1222 2877 1398 2927; x_wconf 79' lang='lat' dir='ltr'>praefi’rt</span> <span class='ocrx_word' id='word_1_216' title='bbox 1415 2876 1529 2916; x_wconf 81' lang='lat' dir='ltr'><em>Serv.</em></span> <span class='ocrx_word' id='word_1_217' title='bbox 1667 2873 1859 2924; x_wconf 88' lang='lat' dir='ltr'>possedit</span> 
     </span>
    </p>
   </div>
   <div class='ocr_carea' id='block_1_4' title="bbox 200 2926 1847 3039">
    <p class='ocr_par' dir='ltr' id='par_1_25' title="bbox 200 2926 1847 3039">
     <span class='ocr_line' id='line_1_35' title="bbox 201 2926 1847 2984; baseline -0.003 -13"><span class='ocrx_word' id='word_1_218' title='bbox 201 2933 357 2984; x_wconf 74' lang='lat' dir='ltr'><em>M2R7²</em></span> <span class='ocrx_word' id='word_1_219' title='bbox 372 2934 605 2973; x_wconf 79' lang='lat' dir='ltr'>Macrobius</span> <span class='ocrx_word' id='word_1_220' title='bbox 715 2947 794 2983; x_wconf 87' lang='lat'>272</span> <span class='ocrx_word' id='word_1_221' title='bbox 814 2934 979 2972; x_wconf 88' lang='lat' dir='ltr'>amissis</span> <span class='ocrx_word' id='word_1_222' title='bbox 999 2932 1058 2971; x_wconf 82' lang='lat' dir='ltr'>Pl</span> <span class='ocrx_word' id='word_1_223' title='bbox 1077 2946 1086 2972; x_wconf 78' lang='lat' dir='ltr'><em>z</em></span> <span class='ocrx_word' id='word_1_224' title='bbox 1116 2931 1311 2971; x_wconf 84' lang='lat' dir='ltr'>admissis</span> <span class='ocrx_word' id='word_1_225' title='bbox 1332 2931 1510 2982; x_wconf 50' lang='lat' dir='ltr'>‘aItQuot</span> <span class='ocrx_word' id='word_1_226' title='bbox 1523 2929 1704 2980; x_wconf 77' lang='lat' dir='ltr'>antt‘qui&#39;</span> <span class='ocrx_word' id='word_1_227' title='bbox 1722 2926 1847 2976; x_wconf 60' lang='lat' dir='ltr'>Heni</span> 
     </span>
     <span class='ocr_line' id='line_1_36' title="bbox 200 2986 874 3039; baseline -0.001 -13"><span class='ocrx_word' id='word_1_228' title='bbox 200 2987 384 3039; x_wconf 66' lang='lat' dir='ltr'>agnoscit</span> <span class='ocrx_word' id='word_1_229' title='bbox 398 2986 530 3036; x_wconf 70' lang='lat' dir='ltr'>Serv„</span> <span class='ocrx_word' id='word_1_230' title='bbox 544 2987 696 3039; x_wconf 86' lang='lat' dir='ltr'>probat</span> <span class='ocrx_word' id='word_1_231' title='bbox 710 2988 874 3037; x_wconf 81' lang='lat' dir='ltr'>Bentley</span> 
     </span>
    </p>
   </div>
  </div>
 </body>
</html>
