2014 3372
480 748 550 814 P.
605 747 1006 813 VERGILI
1074 746 1525 813 MARONIS

689 914 929 986 AEN
948 914 1060 984 EI
1082 913 1310 986 DOS

858 1095 1074 1141 LIBER
1109 1096 1158 1141 X

236 1245 516 1293 PANDITVR
552 1243 739 1294 interea
774 1246 954 1293 domus
991 1243 1349 1307 omnipotentis
1387 1240 1591 1305 Olympi

166 1324 533 1389 conciliumque
568 1335 712 1374 vocat
748 1325 917 1374 divum
953 1334 1091 1387 pater
1125 1334 1275 1387 atque
1311 1324 1571 1372 hominum
1607 1338 1692 1370 rex

166 1406 407 1455 sideream
444 1406 495 1454 in
531 1410 715 1467 sedem,
756 1416 905 1455 terras
947 1408 1082 1455 unde
1117 1408 1300 1455 arduus
1335 1404 1499 1454 omnis

165 1497 421 1550 castraque
459 1488 803 1537 Dardanidum
839 1497 1060 1551 aspectat
1095 1489 1408 1551 populosque
1446 1484 1663 1534 Latinos.

164 1567 430 1616 considunt
466 1567 608 1616 tectis
644 1568 996 1631 bipatentibus,
1035 1568 1208 1630 incipit
1243 1568 1378 1631 ipse:
1810 1586 1834 1626 5

167 1648 457 1697 ‘caelicolae
494 1648 673 1710 magni,
713 1648 946 1711 quianam
985 1648 1229 1698 sententia
1264 1648 1405 1698 vobis

162 1746 301 1777 versa
335 1739 462 1778 retro
500 1739 793 1793 tantumque
829 1730 1006 1779 animis
1043 1730 1237 1779 certatis
1274 1730 1497 1794 iniquis?

161 1810 431 1858 abnueram
467 1811 601 1859 bello
640 1811 834 1859 Italiam
868 1828 1157 1860 concurrere
1193 1812 1411 1860 Teucris.

161 1909 289 1954 quae
325 1901 495 1940 contra
531 1892 736 1941 vetitum
774 1892 1058 1942 discordia?
1108 1893 1217 1957 quis
1255 1903 1416 1942 metus
1452 1902 1538 1942 aut
1573 1894 1665 1942 hos

159 1982 244 2020 aut
280 1975 371 2022 hos
406 1990 542 2021 arma
579 1973 719 2036 sequi
757 1976 1039 2036 ferrumque
1074 1976 1314 2022 lacessere
1350 1973 1540 2022 suasit?
1783 1993 1833 2020 10

159 2054 389 2102 adveniet
424 2054 608 2102 iustum
646 2072 854 2119 pugnae,
896 2072 960 2103 ne
995 2054 1238 2114 arcessite,
1279 2064 1488 2117 tempus,

160 2150 273 2182 cum
310 2136 411 2183 fera
449 2137 704 2198 Karthago
744 2135 987 2183 Romanis
1022 2135 1217 2184 arcibus
1254 2134 1373 2183 olim

159 2214 359 2263 exitium
396 2233 631 2280 magnum
667 2225 817 2279 atque
854 2216 997 2279 Alpis
1034 2216 1267 2264 immittet
1301 2224 1526 2279 apertas:

158 2305 263 2343 tum
300 2302 484 2346 certare
521 2298 660 2357 odiis,
701 2308 807 2346 tum
844 2315 920 2346 res
957 2297 1175 2361 rapuisse
1211 2297 1391 2346 licebit.

158 2393 290 2425 nunc
327 2376 471 2426 sinite
508 2387 557 2426 et
592 2378 830 2440 placitum
866 2378 981 2427 laeti
1019 2377 1304 2441 componite
1342 2379 1548 2426 foedus.'
1781 2397 1828 2438 15

227 2457 448 2520 Iuppiter
484 2460 607 2507 haec
644 2458 844 2521 paucis,
893 2469 944 2508 at
979 2477 1083 2508 non
1119 2462 1291 2507 Venus
1327 2476 1474 2508 aurea
1510 2467 1681 2507 contra

156 2553 315 2599 pauca
349 2540 491 2587 refert
515 2559 524 2588 :

161 2622 221 2666 ‘o
258 2628 408 2681 pater,
447 2637 478 2668 o
514 2620 775 2669 hominum
811 2638 1073 2686 rerumque
1108 2631 1308 2671 aeterna
1342 2630 1560 2685 potestas

158 2698 394 2761 (namque
430 2700 564 2749 aliud
601 2701 722 2763 quid
758 2701 820 2750 sit
856 2703 994 2764 quod
1029 2702 1127 2750 iam
1175 2702 1437 2765 implorare
1479 2717 1718 2763 queamus
1737 2699 1792 2764 ?),

156 2779 315 2828 cernis
351 2789 405 2828 ut
440 2780 676 2829 insultent
714 2782 901 2841 Rutuli,
940 2785 1239 2844 Turnusque
1275 2784 1455 2829 feratur
1776 2801 1825 2826 2)

216 2923 322 2949 1-20
359 2909 533 2948 MPRV
792 2924 817 2958 4
846 2917 1010 2961 spectat
1040 2910 1129 2960 P27
1326 2922 1374 2959 15
1405 2910 1504 2948 laeti
1534 2909 1746 2959 placidum
1778 2906 1830 2945 M

160 2979 214 3004 20
242 2967 497 3016 Turnusque
537 2967 723 3005 secundo
759 2965 810 3003 M
817 2967 827 2989 ¹
866 2967 993 3006 verbis
1026 2967 1186 3006 feratur
1214 2996 1225 3007 .
1249 2996 1259 3007 .
1284 2997 1295 3007 .
1327 2967 1595 3017 tumidusque
1630 2967 1822 3004 omissis:

161 3019 299 3059 eadem
322 3022 436 3060 uncis
456 3020 626 3060 includit
643 3020 814 3060 Ribbeck

220 3099 349 3128 VERG.
1670 3093 1724 3131 23
