2014 3372
468 709 536 774 P.
587 707 989 772 VERGILI
1053 705 1504 772 MARONIS

673 875 747 948 A
763 876 828 946 E
846 875 918 946 N
938 874 1049 946 EI
1070 874 1299 948 DOS

792 1058 1010 1103 LIBER
1044 1058 1179 1104 VIII

219 1212 301 1258 VT
337 1209 454 1258 belli
492 1209 687 1273 signum
724 1210 959 1258 Laurenti
995 1213 1195 1259 Turnus
1230 1210 1295 1258 ab
1331 1225 1443 1258 arce

150 1291 323 1341 extulit
360 1302 408 1340 et
444 1309 594 1341 rauco
631 1301 943 1355 strepuerunt
979 1309 1166 1341 cornua
1201 1301 1365 1351 cantu,

151 1382 305 1436 utque
340 1373 464 1422 acris
501 1373 751 1422 concussit
787 1390 943 1436 equos
979 1383 1133 1436 utque
1169 1374 1364 1436 impulit
1399 1391 1549 1433 arma,

152 1456 402 1518 extemplo
438 1454 619 1503 turbati
655 1454 821 1514 animi,
862 1455 1009 1503 simul
1046 1472 1195 1503 omne
1233 1456 1448 1503 tumultu

151 1536 376 1584 coniurat
413 1536 606 1598 trepido
645 1536 842 1584 Latium
881 1536 1133 1598 saevitque
1170 1536 1398 1584 iuventus
1800 1557 1820 1596 5

152 1619 310 1666 effera.
385 1619 615 1666 ductores
652 1617 798 1679 primi
836 1620 1100 1680 Messapus
1137 1627 1186 1666 et
1221 1619 1378 1666 erns

153 1707 566 1760 contemptorque
603 1699 755 1746 deum
795 1698 1072 1746 Mezentius
1110 1698 1332 1760 undique
1368 1707 1554 1762 cogunt

151 1780 331 1828 auxilia
366 1789 414 1828 et
451 1781 576 1828 latos
613 1788 806 1828 vastant
844 1779 1114 1828 cultoribus
1151 1796 1308 1843 agros.-

153 1861 361 1910 mittitur
396 1871 444 1910 et
481 1861 646 1923 magni
684 1863 910 1909 Venulus
951 1860 1211 1909 Diomedis
1247 1862 1312 1909 ad
1348 1861 1523 1910 urbem

152 1943 239 2006 qui
274 1952 409 2005 petat
444 1942 692 2002 auxilium,
736 1951 784 1991 et
823 1942 968 1991 Latio
1003 1941 1272 1991 consistere
1307 1945 1544 2002 Teucros,
1774 1963 1824 1990 10

153 2026 417 2073 advectum
454 2028 661 2073 Aenean
700 2024 844 2072 classi
880 2024 1136 2086 victosque
1171 2023 1362 2086 penatis

154 2108 331 2156 inferre
368 2118 416 2156 et
452 2108 561 2156 fatis
598 2124 763 2170 regem
801 2123 853 2154 se
889 2105 1053 2154 dicere
1088 2104 1241 2167 posci,

155 2190 374 2248 edoceat,
416 2191 694 2252 multasque
730 2187 835 2236 viro
872 2204 924 2235 se
959 2185 1226 2249 adiungere
1261 2185 1418 2248 gentis

158 2271 412 2319 Dardanio
448 2280 497 2320 et
532 2273 629 2320 late
666 2269 810 2318 Latio
845 2269 1206 2317 increbrescere
1242 2284 1456 2315 nomen:

156 2350 278 2412 quid
314 2361 466 2400 struat
502 2352 578 2401 his
616 2351 819 2414 coeptis,
861 2367 1024 2413 quem,
1065 2348 1105 2397 si
1141 2350 1336 2396 fortuna
1372 2356 1616 2411 sequatur,
1775 2368 1820 2407 15

157 2441 390 2480 eventurn
427 2450 622 2496 pugnae
661 2432 841 2494 cupiat,
881 2429 1188 2479 manifestius
1223 2428 1318 2491 ipsi

157 2528 308 2574 quam
345 2517 517 2563 Turno
553 2514 654 2577 regi
690 2523 774 2562 aut
810 2513 910 2577 regi
946 2529 1181 2575 apparere
1218 2511 1410 2561 Latino.

225 2594 367 2643 Talia
403 2612 489 2658 per
528 2595 737 2644 Latium.
814 2611 942 2657 quae
980 2593 1373 2642 Laomedontius
1410 2594 1555 2641 heros

160 2683 339 2722 cuncta
375 2675 549 2724 videns
587 2692 767 2738 magno
805 2691 1031 2723 curarum
1068 2676 1274 2723 fluctuat
1310 2683 1462 2733 aestu,

158 2764 308 2818 atque
343 2755 565 2804 animum
604 2773 737 2804 nunc
773 2758 872 2804 huc
909 2757 1120 2804 celerem
1157 2772 1291 2803 nunc
1327 2754 1504 2803 dividit
1532 2754 1648 2802 illuc
1779 2774 1826 2800 20

159 2836 212 2884 in
248 2837 499 2901 partisque
536 2837 660 2899 rapit
696 2836 851 2886 varias
888 2854 1074 2900 perque
1111 2836 1280 2885 omnia
1315 2845 1487 2895 versat,

219 2978 323 3014 1—14
344 2965 498 3016 MPR3
534 2978 660 3016 15-21
684 2964 864 3004 MPRV
1107 2978 1131 3003 2
1162 2970 1396 3004 sonuerunt
1419 2962 1476 3003 P1
1648 2976 1699 3003 10
1727 2974 1828 3002 con-

163 3020 304 3058 sidere
323 3019 412 3070 P²7
