2014 3372
1355 132 1713 181 AENEIDOS
1750 133 1825 179 XI

166 280 239 320 tot
275 269 445 335 populi
481 269 656 319 misere
692 271 858 329 duces,
898 285 991 318 nec
1026 285 1174 333 parva
1209 277 1439 332 sequetur
1744 288 1827 329 430

164 352 317 416 gloria
351 354 570 402 delectos
608 350 751 399 Latio
787 359 835 399 et
872 350 1200 399 Laurentibus
1235 350 1373 414 agris.

165 444 238 484 est
275 444 322 483 et
358 436 652 482 Volscorurn
689 431 881 496 egregia
917 433 980 481 de
1015 441 1161 494 gente
1199 431 1410 481 Camilla

163 532 341 579 agmen
377 531 526 577 agens
563 513 786 577 equitum
823 522 871 562 et
906 512 1125 561 florentis
1161 529 1272 561 aere
1308 522 1538 562 catervas.

164 597 301 659 quod
337 595 376 644 si
414 613 492 644 me
529 597 690 644 solum
725 593 904 643 Teucri
939 593 991 642 in
1027 593 1294 642 certamina
1327 602 1539 657 poscunt

165 676 316 740 idque
352 678 513 739 placet
549 685 840 738 tantumque
877 674 1021 723 bonis
1058 674 1407 723 communibus
1444 675 1602 733 obsto,
1744 692 1823 734 435

126 816 129 818 ,
164 774 266 806 non
301 759 428 806 adeo
464 758 552 805 has
589 773 736 805 exosa
771 772 945 804 manus
981 755 1201 804 Victoria
1235 754 1356 819 fugit

164 848 218 887 ut
253 848 388 887 tanta
424 837 690 901 quicquam
726 854 815 900 pro
850 853 938 900 spe
973 845 1214 900 temptare
1248 853 1483 886 recusem.

164 918 249 968 ibo
285 918 461 967 animis
499 928 682 977 contra,
722 919 799 966 vel
836 934 1071 981 magnum
1107 926 1319 981 praestet
1354 916 1602 965 Achillem

163 1002 391 1063 factaque
427 999 638 1048 Volcani
674 999 902 1048 manibus
938 998 1073 1063 paria
1107 998 1281 1047 induat
1315 1015 1451 1047 arma

164 1080 245 1130 ille
280 1081 406 1130 licet.
479 1080 620 1130 vobis
655 1080 873 1129 animam
909 1081 1038 1128 hanc
1075 1096 1347 1142 soceroque
1383 1078 1562 1127 Latino
1744 1098 1827 1139 440

164 1165 362 1211 Turnus
399 1179 503 1225 ego,
542 1164 677 1211 haud
712 1161 799 1210 ulli
834 1170 1054 1210 veterum
1089 1160 1266 1209 virtute
1303 1161 1564 1219 secundus,

163 1243 353 1293 devovi.
432 1245 638 1292 “solum
673 1245 870 1291 Aeneas
905 1243 1091 1291 vocat.''
1162 1250 1210 1290 et
1245 1249 1388 1290 vocet
1424 1257 1511 1290 oro
1528 1259 1541 1301 3

164 1341 258 1373 nec
296 1327 516 1373 Drances
553 1324 730 1387 potius,
771 1323 872 1373 sive
909 1332 982 1372 est
1017 1324 1141 1371 haec
1176 1322 1246 1370 ira
1281 1323 1501 1381 deorum,

165 1415 322 1454 morte
357 1408 472 1464 luat,
512 1405 613 1455 sive
650 1414 723 1454 est
758 1405 908 1453 virtus
944 1413 992 1453 et
1027 1403 1192 1467 gloria,
1231 1405 1399 1452 tollat.'

233 1487 311 1535 Illi
347 1488 470 1535 haec
506 1486 631 1535 inter
666 1502 718 1534 se
754 1485 918 1534 dubiis
954 1486 1018 1534 de
1054 1485 1199 1533 rebus
1235 1485 1446 1547 agebant
1740 1503 1821 1547 445

162 1577 434 1616 certantes:
484 1576 640 1616 castra
675 1570 872 1615 Aeneas
907 1565 1167 1628 aciemque
1203 1565 1447 1614 movebat.

163 1648 364 1696 nuntius
401 1647 586 1711 ingenti
622 1664 708 1711 per
742 1646 874 1709 regia
909 1655 1038 1695 tecta
1073 1648 1286 1694 tumultu

162 1745 280 1777 ecce
316 1728 409 1776 ruit
446 1728 735 1792 magnisque
772 1728 945 1777 urbem
982 1726 1245 1776 terroribus
1281 1726 1485 1789 implet:

162 1808 425 1858 instructos
460 1809 566 1857 acie
601 1808 839 1858 Tiberino
874 1825 903 1857 a
938 1808 1142 1856 flumine
1177 1810 1396 1856 Teucros

163 1891 567 1952 Tyrrhenamque
605 1907 807 1938 manum
845 1889 959 1938 totis
996 1890 1298 1938 descendere
1333 1888 1534 1951 campis.
1741 1908 1825 1949 450

162 1974 408 2035 extemplo
445 1972 625 2021 turbati
660 1972 812 2021 animi
848 1988 1186 2034 concussaque
1221 1970 1353 2033 vulgi

162 2062 362 2115 pectora
398 2062 445 2101 et
480 2062 694 2102 arrectae
731 2052 940 2101 stimulis
977 2053 1112 2100 haud
1147 2051 1379 2100 mollibus
1414 2051 1525 2100 irae.

160 2150 296 2182 arma
332 2152 481 2182 manu
518 2133 695 2197 trepidi
730 2142 957 2196 poscunt,
996 2132 1158 2182 fremit
1193 2149 1327 2180 arma
1362 2131 1603 2190 iuventus,

162 2215 281 2262 flent
317 2214 489 2263 maesti
526 2223 846 2277 mussantque
882 2222 1056 2277 patres.
1130 2212 1210 2261 hic
1246 2212 1467 2275 undique
1504 2213 1688 2260 clamor

160 2294 387 2343 dissensu
423 2294 556 2344 vario
592 2311 798 2358 magnus
835 2312 887 2343 se
923 2294 1049 2343 tollit
1084 2293 1134 2341 in
1170 2309 1343 2341 auras:
1742 2313 1762 2352 4
1772 2312 1820 2353 55

161 2375 295 2423 haud
332 2392 472 2423 secus
507 2384 656 2438 atque
691 2377 791 2424 alto
827 2374 878 2423 in
914 2376 1028 2423 luco
1064 2390 1178 2423 cum
1215 2375 1339 2422 forte
1375 2380 1596 2421 catervae

161 2456 432 2503 consedere
466 2454 644 2514 avium,
683 2454 941 2517 piscosove
976 2471 1123 2502 amne
1160 2455 1384 2502 Padusae

161 2536 281 2583 dant
318 2535 534 2584 sonitum
570 2536 702 2584 rauci
738 2552 824 2599 per
860 2544 1031 2598 stagna
1066 2534 1293 2598 loquacia
1328 2533 1482 2597 cycni.

164 2615 370 2665 ‘immo'
406 2617 474 2665 ait
512 2621 570 2665 ‘o
607 2617 767 2677 cives‚'
801 2625 994 2681 arrepto
1030 2626 1251 2680 tempore
1286 2619 1497 2674 Turnus,

165 2696 351 2759 ‘cogite
386 2696 651 2745 concilium
688 2706 736 2746 et
771 2714 945 2760 pacem
981 2698 1178 2746 laudate
1213 2698 1440 2745 sedentes
1458 2714 1471 2756 3
1739 2702 1822 2755 460

160 2775 229 2823 illi
263 2777 410 2825 armis
445 2776 496 2824 in
532 2794 680 2840 regna
714 2780 891 2825 ruunt.'
961 2794 1054 2826 nec
1089 2779 1229 2839 plura
1263 2778 1457 2824 locutus

161 2856 393 2919 corripuit
429 2873 536 2905 sese
573 2866 621 2906 et
657 2856 797 2905 tectis
834 2857 959 2905 citus
996 2856 1166 2905 extulit
1201 2856 1323 2906 altis.

214 2985 404 3032 430-462
434 2983 564 3023 MPR
691 2996 770 3034 455
801 2984 864 3036 in]
887 2984 940 3023 ad
962 2984 1013 3022 M
1137 2986 1212 3034 461
1237 2990 1360 3024 ruant
1380 2983 1584 3023 deten'ores
1603 2984 1766 3036 Beavzttey
