2020 3372
135 1391 212 1431 Me.

134 1634 217 1674 Mo.

1443 185 1728 235 ECLOGA
1769 185 1817 231 V

242 328 513 378 cantabunt
550 327 671 376 mihi
709 331 980 377 Damoetas
1017 337 1065 377 et
1103 328 1302 392 Lyctius
1340 331 1516 393 Aegon
1532 347 1546 391 ;

240 409 461 458 saltantis
499 411 695 472 Satyros
733 408 1003 458 imitabitur
1039 409 1420 473 Alphesiboeus.

239 493 364 539 haec
400 490 490 539 tibi
527 507 721 553 semper
757 499 912 550 erunt,
953 499 1002 539 et
1039 507 1153 539 cum
1191 491 1450 540 sollemnia
1486 500 1602 541 vota

240 574 505 621 reddemus
544 571 804 635 Nymphis,
844 581 893 621 et
930 588 1044 620 cum
1081 572 1398 621 lustrabimus
1434 590 1589 636 agros.
1768 592 1817 636 75

239 655 360 703 dum
397 653 510 717 iuga
547 653 728 702 montis
765 671 895 717 aper,
935 653 1111 703 fluvios
1149 656 1270 703 dum
1308 654 1456 718 piscis
1493 654 1695 715 amabit,

238 736 460 798 dumque
497 736 669 797 thymo
705 743 970 797 pascentur
1004 752 1137 798 apeS,
1174 737 1295 784 dum
1333 753 1442 786 rore
1481 736 1696 798 cicadae,

239 832 433 879 semper
458 817 619 865 honos
655 833 941 880 nomenque
973 825 1114 865 tuum
1146 818 1419 880 laudesque
1455 819 1743 868 manebunt.

237 906 291 945 ut
330 899 530 946 Baccho
569 897 850 960 Cererique,
893 897 982 946 tibi
1020 897 1090 947 sic
1126 907 1242 947 vota
1279 899 1547 962 quotannis

236 977 478 1040 agricolae
516 978 716 1027 facient:
759 978 1021 1031 damnabis
1061 988 1113 1027 tu
1153 996 1356 1042 quoque
1392 980 1532 1029 votis.
1770 991 1822 1030 80

211 1060 384 1121 ‚Quae
422 1059 524 1120 tibi,
566 1077 694 1123 quae
733 1060 816 1108 tali
855 1062 1059 1110 reddam
1099 1078 1189 1124 pro
1227 1062 1446 1111 carmine
1481 1064 1652 1112 dona?

236 1158 353 1189 nam
390 1158 554 1205 neque
592 1159 671 1190 me
710 1150 903 1190 tantum
945 1141 1187 1191 venientis
1226 1142 1397 1192 sibilus
1434 1143 1605 1192 Austri

237 1240 329 1271 nec
365 1240 598 1286 percussa
635 1223 805 1272 iuvant
843 1226 996 1273 fluctu
1037 1234 1139 1273 tarn
1177 1224 1332 1285 litora,
1371 1243 1466 1274 nec
1502 1243 1630 1290 quae

238 1320 435 1352 saxosas
473 1303 599 1352 inter
635 1306 905 1353 decurrunt
942 1304 1148 1353 fiumina
1183 1305 1335 1354 vallis.

240 1387 354 1433 Hac
392 1394 439 1434 te
476 1402 567 1434 nos
605 1385 760 1448 fragili
798 1386 1098 1435 donabimus
1138 1396 1253 1436 ante
1290 1387 1463 1437 cicuta.
1769 1400 1819 1451 85

237 1467 361 1514 haec
398 1475 489 1515 nos
531 1468 831 1515 ‘formosum
872 1468 1109 1530 Corydon
1149 1468 1355 1517 ardebat
1388 1469 1616 1530 Alexim,'

237 1548 361 1595 haec
398 1549 575 1596 eadem
612 1547 784 1597 docuit
821 1547 1017 1597 ‘cuium
1058 1552 1249 1612 pecus?
1293 1567 1356 1598 an
1393 1550 1698 1601 Meliboei?’

229 1629 303 1676 *At
341 1637 393 1676 tu
432 1644 572 1677 sume
610 1631 811 1691 pedum,
846 1630 998 1692 quod,
1038 1647 1118 1678 me
1158 1647 1273 1679 cum
1314 1648 1461 1695 saepe
1498 1641 1703 1695 rogaret,

235 1726 338 1758 non
375 1710 485 1759 tulit
517 1710 792 1774 Antigenes
832 1711 902 1776 (et
939 1721 1040 1760 erat
1079 1720 1185 1760 tum
1225 1712 1405 1776 dignus
1442 1713 1632 1779 amari),

236 1792 510 1840 formosum
547 1791 747 1855 paribus
785 1791 930 1841 nodis
967 1801 1118 1857 atque
1155 1810 1282 1854 aere,
1326 1796 1571 1845 Menalca.
1766 1817 1821 1860 90

774 2035 1058 2084 ECLOGA
1095 2038 1170 2084 VI

304 2164 482 2209 PRIMA
519 2161 776 2224 Syracosio
815 2162 1014 2225 dignata
1052 2173 1126 2212 est
1164 2165 1334 2214 ludere
1370 2182 1513 2215 versu

235 2251 403 2291 nostra
438 2260 602 2306 neque
639 2243 835 2292 erubuit
872 2243 1016 2293 silvas
1056 2245 1278 2295 habitare
1316 2247 1505 2296 Thalia.

235 2340 350 2371 cum
387 2340 615 2372 canerem
653 2341 789 2387 reges
827 2334 875 2373 et
911 2325 1111 2387 proelia,
1155 2327 1398 2389 Cynthius
1435 2345 1605 2378 aurem

235 2407 369 2455 vellit
407 2417 454 2455 et
490 2408 780 2456 admonuit:
824 2412 1116 2471 ‘pastorem‚
1153 2408 1334 2472 Tityre,
1374 2409 1570 2473 pinguis

235 2504 437 2550 pascere
474 2498 668 2550 oportet
705 2488 824 2548 ovis,
865 2491 1139 2538 deductum
1179 2489 1343 2539 dicere
1381 2493 1610 2539 carmen.'
1795 2515 1816 2555 5

236 2587 370 2617 nunc
396 2587 487 2633 ego
509 2571 746 2635 (namque
771 2587 917 2634 super
943 2571 1033 2620 tibi
1059 2581 1202 2620 erunt
1223 2572 1308 2635 qui
1335 2572 1500 2622 dicere
1527 2575 1713 2635 laudeS,

236 2652 380 2710 Vare,
416 2659 524 2699 tuas
562 2651 765 2713 cupiant
801 2661 850 2700 et
886 2652 1040 2701 tristia
1078 2654 1294 2702 condere
1332 2653 1482 2717 bella)

236 2741 477 2794 agrestem
515 2732 651 2780 tenui
688 2733 968 2782 meditabor
1004 2734 1282 2783 harundine
1322 2737 1536 2783 Musam.

237 2829 339 2860 non
373 2812 558 2861 iniussa
591 2831 730 2863 cano.
788 2815 828 2863 si
863 2815 972 2878 quis
1006 2824 1174 2864 tamen
1211 2818 1334 2864 haec
1369 2833 1584 2879 quoque,
1614 2816 1655 2865 si
1690 2817 1800 2881 quis

193 2940 452 3032 72-1183biPR3
483 2942 620 2993 86-90
640 2941 766 2980 PRV
1000 2946 1054 2984 80
1084 2946 1172 2985 voti
1193 2945 1254 2984 R1
1368 2946 1421 2996 89
1453 2945 1563 2998 turn]
1594 2959 1707 2986 nunc
1728 2947 1815 2988 P¹=

138 2999 262 3088 mvl.
308 3062 384 3101 1-9
403 3049 529 3088 PRV
772 3065 796 3090 2
825 3052 941 3092 silvis
962 3053 1031 3092 Ra
1197 3066 1222 3103 5
1253 3055 1470 3094 diductum
1489 3054 1572 3095 PV
