2014 3372
1364 166 1725 220 AENEIDOS
1765 171 1820 220 II

153 302 321 365 exegit?
348 319 522 352 caecos
559 304 718 353 rabies
755 305 1005 368 catulique
1039 306 1194 355 relicti

151 386 375 435 faucibus
412 396 698 450 exspectant
735 387 889 448 siccis,
929 406 1017 452 per
1052 391 1160 449 tela,
1201 406 1288 453 per
1322 390 1478 439 hostis

149 466 374 516 vadimus
410 468 546 517 haud
581 468 786 517 dubiam
823 468 874 516 in
911 479 1121 519 mortem
1159 470 1454 534 mediaeque
1490 481 1716 521 tenemus

150 547 283 596 urbis
318 548 408 596 iter
423 567 437 610 ,-
484 566 584 598 nox
618 559 722 597 atra
757 567 876 598 cava
913 549 1233 600 circumvolat
1267 549 1454 601 umbra.
1733 562 1819 614 360

150 627 259 690 quis
296 631 489 678 cladem
526 631 654 680 illius
691 633 864 692 noctis,
905 633 1014 696 quis
1050 636 1225 683 funera
1259 637 1412 684 fando

149 710 357 772 explicet
393 722 477 759 aut
512 713 668 776 possit
703 714 915 762 lacrimis
951 732 1163 778 aequare
1198 717 1429 765 labores?

149 792 265 840 urbs
300 793 502 856 antiqua
537 794 631 842 ruit
668 797 851 844 multos
887 796 1142 845 dominata
1177 815 1264 860 per
1299 815 1489 859 annos3

148 873 357 935 plurima
391 891 577 937 perque
613 876 714 925 vias
752 886 1034 926 sternuntur
1070 877 1243 927 inertia
1278 879 1462 942 passim

148 971 354 1017 corpora
388 973 574 1019 perque
609 959 789 1007 domos
826 968 874 1008 et
912 959 1136 1022 religiosa
1173 962 1381 1009 deorum
1741 971 1819 1024 365

146 1034 328 1084 limina.
402 1054 494 1085 nec
531 1038 622 1087 soli
658 1056 845 1102 poenas
882 1042 1003 1089 dant
1039 1040 1277 1103 sanguine
1313 1041 1493 1090 Teucri
1510 1060 1525 1102 3

148 1118 402 1179 quondam
440 1118 589 1166 etiam
625 1119 765 1168 victis
803 1120 929 1169 redit
964 1120 1015 1168 in
1051 1121 1339 1184 praecordia
1373 1121 1523 1171 virtus

146 1196 454 1260 victoresque
491 1201 678 1248 cadunt
715 1200 890 1249 Danai.
965 1201 1176 1250 crudelis
1212 1201 1399 1264 ubique

146 1279 319 1337 luctus,
360 1278 546 1341 ubique
582 1297 734 1343 pavor
769 1290 818 1329 et
854 1280 1063 1343 plurima
1099 1281 1270 1329 mortis
1307 1281 1484 1345 imago.

215 1358 406 1407 Primus
444 1377 496 1408 se
534 1363 767 1409 Danaum
805 1379 984 1425 magna
1020 1362 1289 1411 comitante
1326 1372 1519 1412 caterva
1736 1387 1818 1428 370

145 1442 454 1503 Androgeos
476 1444 617 1490 offert
652 1443 813 1502 nobis,
853 1443 987 1492 socia
1023 1443 1221 1506 agmina
1257 1446 1464 1493 credens

145 1519 340 1580 inscius,
380 1531 529 1584 atque
566 1525 693 1572 ultro
730 1523 891 1572 verbis
927 1526 1194 1587 compellat
1228 1525 1430 1574 amicis:

148 1601 413 1662 ‘festinate,
454 1603 574 1652 viri!
646 1622 762 1653 nam
799 1623 927 1669 quae
963 1616 1064 1654 tam
1103 1623 1210 1655 sera
1245 1617 1464 1656 moratur

144 1683 414 1747 segnities?
482 1685 564 1733 alii
600 1686 796 1750 rapiunt
834 1687 1038 1736 incensa
1074 1690 1336 1751 feruntque

145 1767 410 1828 Pergama:
458 1783 546 1815 vos
583 1767 724 1816 celsis
761 1786 896 1817 nunc
932 1769 1146 1832 primum
1182 1787 1212 1817 a
1247 1770 1456 1819 navibus
1494 1770 1574 1820 itis
1595 1774 1643 1820 ?'
1732 1791 1813 1834 375

144 1845 279 1904 dixit,
318 1855 366 1894 et
404 1850 651 1910 extemplo
690 1847 874 1912 (neque
910 1849 1043 1898 enim
1080 1867 1316 1913 responsa
1353 1852 1599 1900 dabantur

144 1927 244 1974 fida
279 1926 415 1991 satis)
453 1927 605 1976 sensit
642 1929 836 1978 medios
873 1932 1104 1993 delapsus
1140 1931 1191 1978 in
1228 1931 1396 1980 hostis.

144 2007 382 2071 obstipuit
418 2018 648 2072 retroque
684 2012 865 2073 pedem
903 2029 1017 2060 cum
1054 2029 1177 2060 voce
1213 2012 1453 2076 repressit.

143 2088 464 2152 improvisum
501 2091 654 2153 aspris
690 2092 841 2140 veluti
878 2092 963 2155 qui
1000 2093 1222 2141 sentibus
1259 2111 1472 2157 anguem

144 2170 318 2233 pressit
355 2171 494 2219 humi
530 2171 692 2221 nitens
732 2173 1052 2236 trepidusque
1088 2184 1290 2238 repente
1325 2174 1502 2238 refugit
1731 2186 1812 2236 380

142 2252 449 2300 attollentem
486 2252 579 2301 iras
617 2262 666 2302 et
702 2256 897 2302 caerula
933 2257 1061 2303 colla
1096 2265 1385 2315 tumentem,

143 2333 278 2380 haud
314 2350 454 2381 secus
490 2335 785 2397 Androgeos
822 2335 928 2384 visu
965 2338 1279 2385 tremefactus
1314 2336 1496 2385 abibat.

143 2411 380 2461 inruimus
417 2414 585 2463 densis
621 2424 671 2463 et
707 2415 1149 2465 circumfundimur
1182 2417 1342 2476 armis,

142 2491 435 2556 ignarosque
471 2495 568 2543 loci
604 2496 787 2559 passim
826 2506 874 2545 et
910 2496 1173 2546 formidine
1208 2507 1380 2560 captos

144 2574 419 2623 sternimus.
493 2577 674 2639 aspirat
710 2578 870 2640 primo
909 2581 1128 2626 Fortuna
1162 2579 1331 2627 labori.
1729 2589 1808 2639 385

142 2664 291 2717 atque
327 2656 407 2704 hic
445 2674 676 2706 successu
714 2662 963 2708 exsultans
999 2659 1276 2722 animisque
1313 2661 1572 2709 Coroebus

149 2738 205 2782 ‘o
242 2735 375 2794 socii,
417 2753 514 2798 qua
550 2738 733 2800 prima'
770 2739 930 2802 inquit
971 2742 1195 2789 ‘fortuna
1230 2740 1398 2788 salutis

162 2883 164 2885 v
197 2865 385 2913 357-387
426 2863 518 2902 MP
751 2868 835 2915 360
863 2880 949 2906 nox
974 2898 984 2907 .
1017 2898 1024 2906 .
1059 2898 1068 2906 .
1100 2869 1247 2907 umbra
1287 2868 1401 2906 uncis
1441 2868 1605 2906 secludit
1641 2868 1812 2907 Ribbeck

142 2918 219 2965 381
251 2919 314 2956 ira
334 2931 381 2956 se
402 2917 547 2968 Mdhly
657 2921 737 2969 383
768 2921 1143 2960 circumfundimur
1162 2921 1405 2972 M7⁹a²⁷b²c²z
1438 2922 1812 2961 circumfundimus

142 2970 261 3010 a¹b¹c¹
278 2986 287 3010 ε
320 2973 661 3013 circumsudimus
680 2974 767 3026 1271
931 2976 1010 3025 387
1031 2988 1141 3025 quae
1158 2974 1299 3027 Μ’γῙα1
1320 2977 1504 3027 agnoscit
1516 2976 1631 3015 Serv.

1615 3053 1691 3093 10*
