2020 3372
1360 166 1646 215 ECLOGA
1679 165 1815 214 VIII

245 320 433 362 certent
469 321 518 361 et
554 310 721 375 cycnis
757 311 936 370 ululae,
976 308 1038 358 sit
1074 308 1288 372 Tityrus
1310 309 1554 371 Orpheus,
1765 327 1815 367 55

245 395 475 456 Orpheus
510 392 562 441 in
598 391 744 451 silvis,
782 391 910 440 inter
944 390 1205 454 delphinas
1241 389 1468 439 Arion—
1616 393 1618 395 ’

311 473 475 538 incipe
513 473 791 522 Maenalios
829 490 1043 532 mecum,
1083 489 1194 521 mea
1230 471 1364 531 tibia,
1399 488 1615 521 versus—-

245 556 413 606 omnia
447 558 524 605 vel
561 555 783 604 medium
820 557 904 603 fiat
941 572 1088 603 mare.
1127 554 1275 602 vivite
1311 553 1489 602 silvae:

243 654 478 701 praeceps
513 636 631 685 aerii
666 638 868 699 specula
902 638 967 685 de
1003 635 1187 684 montis
1222 635 1274 683 in
1309 636 1468 684 undas

245 721 435 768 deferar
451 737 465 779 3
507 727 780 767 extremum
817 719 916 767 hoc
952 734 1134 766 munus
1170 716 1425 766 morientis
1461 717 1659 767 habeto.
1765 725 1818 764 60

313 800 486 849 desine
524 799 816 860 Maenalios,
855 799 954 848 iam
991 798 1178 859 desine,
1218 798 1352 859 tibia,
1385 816 1566 848 versus.

315 884 460 930 Haec
487 885 708 931 Damon:
735 899 838 941 vos,
861 898 990 945 quae
1014 880 1324 944 responderit
1344 880 1725 943 AlphesiboeuS,

167 987 170 989 ·
246 963 408 1024 dicite,
449 963 668 1013 Pierides
686 983 699 1025 ,·
741 981 844 1013 non
881 963 1051 1012 omnia
1086 979 1353 1026 possumus
1389 979 1577 1012 omnes.

142 1052 202 1095 A.
314 1048 446 1095 Effer
481 1063 663 1110 aquam
699 1056 748 1095 et
784 1045 922 1095 molli
958 1045 1101 1109 cinge
1137 1047 1261 1094 haec
1296 1044 1467 1093 altaria
1500 1045 1632 1105 vitta,

244 1129 583 1192 verbenasque
618 1130 765 1178 adole
801 1128 996 1192 pinguis
1033 1137 1082 1176 et
1118 1129 1338 1176 mascula
1374 1136 1495 1186 tura,
1767 1135 1816 1187 65

245 1209 468 1273 coniugis
504 1220 558 1258 ut
595 1209 797 1274 magicis
835 1226 981 1258 sanos
1017 1219 1236 1258 avertere
1273 1208 1422 1257 sacris

245 1291 463 1355 experiar
499 1309 672 1340 sensus
690 1310 703 1352 ,-
745 1291 867 1340 nihil
903 1291 985 1339 hic
1021 1290 1115 1339 nisi
1152 1290 1372 1339 carmina
1406 1292 1600 1345 desunt.

313 1372 480 1422 ducite
499 1373 563 1421 ab
583 1373 705 1421 urbe
721 1374 944 1431 domum,
963 1389 1076 1421 mea
1091 1371 1323 1431 carmina,
1344 1372 1510 1421 ducite
1529 1371 1797 1435 Daphnim.

245 1454 463 1503 carmina
498 1456 575 1504 vel
612 1456 751 1503 caelo
787 1463 997 1517 possunt
1034 1456 1282 1503 deducere
1320 1456 1529 1514 Lunam,
1600 1454 1602 1456 ’

244 1536 545 1585 carminibus
583 1536 727 1586 Circe
763 1535 925 1585 socios
962 1535 1170 1584 mutavit
1208 1535 1362 1595 Vlixi,
1772 1554 1819 1596 70

244 1617 449 1681 frigidus
484 1618 535 1666 in
571 1617 722 1681 pratis
758 1619 1009 1667 cantando
1046 1616 1289 1680 rumpitur
1324 1616 1510 1680 anguis.

313 1699 480 1749 ducite
499 1700 563 1748 ab
583 1700 705 1748 urbe
724 1701 947 1759 domum,
967 1716 1079 1747 mea
1099 1697 1331 1758 carmina,
1342 1697 1510 1747 ducite
1529 1697 1796 1762 Daphnim.

244 1790 382 1831 terna
418 1781 507 1830 tibi
543 1783 668 1830 haec
704 1781 918 1844 primum
955 1780 1133 1844 triplici
1170 1779 1363 1829 diversa
1400 1782 1564 1829 colore

243 1862 356 1911 licia
392 1862 661 1922 circumdo,
700 1872 871 1926 terque
908 1864 1032 1910 haec
1067 1861 1236 1910 altaria
1272 1860 1458 1909 circum

243 1944 454 2007 effigiem
491 1946 624 1993 duco
642 1963 654 2005 3
695 1960 903 1992 numero
940 1945 1063 1992 deus
1100 1943 1287 2006 impare
1322 1944 1517 2005 gaudet.
1771 1960 1817 2003 75

311 2026 479 2075 ducite
498 2026 562 2074 ab
581 2026 703 2074 urbe
720 2026 942 2084 domum,
962 2041 1074 2073 mea
1092 2023 1324 2082 carmina,
1344 2022 1510 2072 ducite
1528 2022 1798 2086 Daphnim.

245 2117 389 2156 necte
425 2107 580 2156 tribus
618 2106 764 2155 nodis
800 2115 980 2164 ternos,
1012 2104 1264 2166 Amarylli,
1304 2106 1494 2153 colores
1514 2122 1526 2162 ;

245 2199 403 2249 necte,
426 2189 678 2252 Amarylli,
708 2189 861 2237 modo
894 2196 942 2235 et
971 2185 1232 2234 ‘Veneris’
1258 2185 1340 2234 dic
1369 2185 1592 2234 ‘vincula
1621 2188 1798 2234 nect0.’

314 2271 481 2320 ducite
500 2272 564 2320 ab
584 2271 705 2319 urbe
728 2272 950 2328 domum,
972 2285 1083 2316 mea
1102 2267 1332 2326 carmina,
1345 2266 1512 2316 ducite
1531 2267 1799 2330 Daphnim.

244 2353 390 2401 limus
427 2362 482 2402 ut
518 2353 599 2402 hic
637 2351 866 2411 durescit,
909 2359 957 2399 et
995 2351 1119 2398 haec
1155 2358 1209 2397 ut
1246 2365 1357 2396 cera
1392 2348 1619 2411 liquescit
1769 2361 1822 2397 80

244 2452 346 2483 uno
384 2437 664 2498 eodemque
700 2434 815 2498 igni,
857 2433 927 2482 sic
965 2441 1135 2481 nostro
1174 2430 1402 2493 Daphnis
1438 2448 1619 2479 amore.

245 2533 418 2581 sparge
454 2519 639 2565 molam
676 2526 724 2565 et
761 2516 940 2579 fragilis
979 2515 1194 2563 incende
1232 2511 1474 2560 bitumine
1510 2513 1686 2560 lauros.
1817 2568 1821 2570 Ἴ

246 2598 474 2661 Daphnis
500 2616 580 2648 me
606 2601 764 2647 malus
790 2598 898 2658 urit,
928 2615 1019 2661 ego
1048 2599 1178 2645 hanc
1204 2594 1254 2643 in
1283 2593 1553 2657 Daphnide
1577 2595 1794 2642 laurum.>

312 2680 479 2730 ducite
498 2682 563 2730 ab
582 2681 703 2730 urbe
723 2683 945 2740 domum,
965 2698 1076 2729 mea
1099 2679 1330 2738 carmina,
1342 2676 1509 2726 ducite
1530 2676 1798 2740 Daphnim.

245 2761 353 2810 talis
390 2779 528 2810 amor
562 2762 818 2825 Daphnim
855 2762 1013 2825 qualis
1054 2779 1168 2810 cum
1210 2765 1338 2811 fessa
1374 2760 1638 2809 iuvencum
1768 2769 1816 2818 85

244 2859 331 2905 per
367 2860 572 2892 nemora
606 2852 755 2906 atque
791 2845 916 2892 altos
955 2845 1241 2907 quaerendo
1281 2844 1462 2891 bucula
1498 2843 1636 2890 lucos

200 2974 336 3021 55-86
355 2973 448 3012 MP
709 2974 762 3021 58
793 2973 867 3012 fiat
906 2972 1032 3011 MPb¹
1058 2972 1184 3024 Serv„
1217 2971 1333 3012 schol.
1365 2973 1520 3012 Bern.:
1553 2973 1656 3012 fiant
1675 2971 1820 3023 *yab‘2crr

147 3039 198 3076 74
218 3027 328 3065 hanc
350 3027 682 3078 Longobardicus
699 3026 831 3078 Pierii,
863 3025 1042 3078 Wagner
