2014 3372
1333 184 1694 233 AENEIDOS
1733 184 1836 231 VII

171 331 309 371 scuta
344 328 522 371 sonant
557 323 802 386 pulsuque
837 323 1024 385 pedum
1062 321 1324 371 conterrita
1359 324 1515 371 tellus.

240 402 376 451 Hinc
412 402 852 466 Agamemnonius,
893 402 1096 451 Troiani
1133 402 1348 452 nominis
1385 403 1554 463 hostis,

170 500 312 531 curru
348 483 504 546 iungit
542 485 789 532 Halaesus
826 499 982 546 equos
1018 486 1290 547 Turnoque
1326 484 1501 533 ferocis

170 564 303 612 mille
340 564 465 628 rapit
500 567 726 628 populos,
766 573 962 614 vertunt
998 564 1159 613 felicia
1198 567 1398 615 Baccho
1761 584 1835 627 725

171 645 387 694 Massica
423 645 508 709 qui
544 645 720 705 rastris,
760 655 809 695 et
845 663 970 709 quos
1009 648 1072 695 de
1109 646 1319 696 collibus
1356 647 1465 695 altis

168 727 389 775 Aurunci
426 727 600 776 misere
636 736 797 790 patres
834 727 1152 790 Sidicinaque
1188 727 1321 776 iuxta

154 824 395 870 aequora,
436 808 620 871 quique
657 809 802 858 Cales
840 808 1072 871 linquunt
1108 809 1368 872 amnisque
1403 809 1576 858 vadosi

166 893 337 939 accola
372 891 615 950 Volturni,
655 891 933 954 pariterque
971 891 1214 940 Saticulus
1251 909 1393 955 asper

169 974 515 1036 Oscorumque
552 990 740 1022 manus.
817 982 994 1023 teretes
1031 983 1146 1022 sunt
1182 975 1380 1036 aclydes
1417 973 1511 1022 illis
1759 992 1836 1035 730

166 1057 276 1114 tela,
315 1057 404 1104 sed
440 1057 562 1104 haec
598 1058 734 1105 lento
771 1073 879 1105 mos
917 1066 990 1106 est
1026 1066 1194 1119 aptare
1230 1058 1436 1119 flagello.

165 1139 326 1186 laevas
363 1147 524 1187 caetra
559 1139 692 1201 tegit,
731 1139 894 1188 falcati
931 1140 1211 1189 comminus
1248 1156 1403 1188 enses.

234 1221 342 1268 Nec
378 1229 431 1267 tu
468 1220 767 1268 carminibus
804 1221 982 1269 nostris
1020 1221 1235 1270 indictus
1271 1220 1446 1280 abibis,

166 1301 370 1360 Oebale‚
410 1318 559 1363 quem
595 1319 854 1365 generasse
891 1304 1052 1351 Telon
1091 1301 1359 1351 Sebethide
1395 1303 1615 1365 nympha

165 1385 326 1442 fertur,
366 1385 644 1432 Teleboum
683 1386 898 1447 Capreas
937 1402 1051 1433 cum
1088 1401 1237 1448 regna
1273 1392 1475 1443 teneret,
1757 1401 1830 1445 735

164 1463 262 1512 iam
299 1464 462 1512 senior
482 1483 495 1524 ,·
542 1464 709 1528 patriis
746 1467 834 1514 sed
871 1482 974 1514 non
1011 1474 1059 1513 et
1095 1465 1223 1513 filius
1260 1464 1385 1513 arvis

164 1553 426 1592 contentus
462 1547 559 1593 late
595 1545 694 1593 iam
731 1555 836 1594 tum
873 1546 1072 1595 dicione
1109 1545 1310 1594 tenebat

165 1624 391 1673 Sarrastis
428 1628 640 1688 populos
678 1635 727 1674 et
763 1643 891 1689 quae
928 1626 1049 1689 rigat
1084 1643 1301 1688 aequora
1338 1628 1533 1685 Sarnus,

164 1705 348 1767 quique
386 1708 564 1754 Rufras
603 1708 937 1769 Batulumque
974 1716 1145 1755 tenent
1179 1716 1328 1769 atque
1363 1723 1477 1755 arva
1514 1708 1796 1768 Celemnae,

164 1794 212 1833 et
248 1802 372 1848 quos
410 1786 657 1835 maliferae
694 1788 985 1850 despectant
1021 1787 1219 1836 moenia
1253 1788 1474 1847 Abellae,
1754 1808 1830 1848 740

164 1866 443 1914 Teutonico
479 1866 573 1915 ritu
610 1867 740 1915 soliti
776 1877 1005 1931 torquere
1041 1868 1221 1916 cateias
1240 1886 1254 1928 3

163 1946 380 2009 tegmina
416 1947 526 2010 quis
563 1948 781 2010 capitum
819 1958 985 2011 raptus
1023 1950 1086 1997 de
1122 1949 1298 1998 subere
1336 1957 1503 1998 cortex

162 2037 453 2091 aerataeque
490 2029 674 2077 micant
711 2031 885 2092 peltae,
925 2029 1073 2078 micat
1108 2047 1279 2078 aereus
1317 2029 1459 2078 ensis.

232 2111 296 2157 Et
331 2118 380 2158 te
416 2119 673 2159 montosae
710 2111 886 2160 misere
921 2111 972 2159 in
1007 2111 1193 2174 proelia
1229 2114 1429 2171 Nersae,

162 2191 331 2249 erns,
370 2189 613 2254 insignem
650 2194 781 2241 fama
816 2201 865 2241 et
900 2191 1125 2241 felicibus
1161 2192 1321 2252 armis,
1751 2212 1825 2255 745

162 2270 360 2319 horrida
394 2271 658 2334 praecipue
694 2273 775 2322 cui
809 2290 930 2336 gens
966 2275 1271 2336 adsuetaque
1307 2275 1465 2322 multo

162 2361 341 2400 venatu
378 2371 652 2415 nemorum,
692 2355 825 2404 duris
862 2355 1138 2418 Aequicula
1172 2354 1370 2418 glaebis.

161 2433 334 2482 armati
369 2443 546 2483 terram
582 2421 811 2485 exercent
847 2453 1140 2499 semperque
1177 2435 1385 2485 recentis

160 2523 451 2563 convectare
489 2515 622 2564 iuvat
656 2519 863 2579 praedas
900 2527 949 2565 et
984 2517 1144 2565 vivere
1179 2526 1332 2580 rapto.

231 2596 366 2657 Quin
403 2605 451 2644 et
490 2598 738 2646 Marruvia
772 2597 906 2646 venit
942 2600 1006 2647 de
1041 2607 1186 2661 gente
1223 2599 1452 2646 sacerdos
1748 2616 1824 2660 750

160 2678 334 2726 fronde
371 2694 516 2740 super
549 2681 739 2741 galeam
776 2689 824 2728 et
860 2679 990 2728 felici
1026 2688 1254 2741 comptus
1291 2678 1419 2727 oliva

162 2758 400 2820 Archippi
435 2759 559 2822 regis
597 2760 763 2820 missu,
802 2761 1094 2809 fortissimus
1130 2761 1336 2818 Vmbro,

160 2840 356 2903 vipereo
392 2841 557 2903 generi
594 2850 642 2889 et
677 2842 882 2904 graviter
919 2842 1214 2905 spirantibus
1251 2840 1416 2904 hydris

218 2960 404 3020 722‡753
428 2970 558 3009 MPR
781 2985 857 3021 722
879 2969 1024 3021 pulsu]
1046 2983 1172 3010 cursu
1193 2969 1246 3008 M
1397 2983 1473 3020 727
1506 2970 1671 3022 patres]
1693 2985 1820 3012 senes

161 3022 214 3061 M
215 3023 230 3046 ²
424 3028 502 3074 728
532 3025 686 3077 amnis]
709 3026 846 3065 omnis
866 3025 1031 3075 Bentley
1197 3038 1273 3074 737
1304 3025 1522 3074 premebat
1544 3025 1631 3076 R7²
1653 3026 1820 3065 Ribbeck

162 3079 241 3127 738
269 3092 351 3128 qua
370 3079 494 3130 R72c2
580 3094 658 3130 740
678 3079 856 3118 Abellae
879 3080 1058 3131 agnosca
1071 3078 1183 3118 Serv.
1204 3093 1211 3116 :
1236 3078 1381 3117 Bellae
1398 3079 1510 3118 codd.
1524 3079 1636 3119 Serv.
1654 3080 1820 3119 Ribbeck
