2014 3372
211 155 263 201 P.
304 151 604 201 VERGILI
644 150 970 200 MARONIS

210 292 398 341 bellum
435 291 609 355 ingens
646 299 780 354 geret
819 289 962 338 Italia
999 290 1314 353 populosque
1349 288 1528 338 ferocis

208 375 486 423 contundet
523 388 786 435 moresque
822 370 935 419 viris
973 379 1021 419 et
1058 369 1257 420 moenia
1291 379 1458 433 ponet,

209 454 351 504 tertia
387 457 510 504 dum
549 452 692 501 Latio
732 461 1022 516 regnantem
1058 451 1235 501 viderit
1271 460 1445 511 aestaS‚
1809 459 1885 513 265

208 546 447 599 ternaque
483 534 762 584 transierint
801 533 999 583 Rutulis
1036 533 1244 598 hiberna
1280 533 1509 582 subactis.

206 628 256 668 at
293 635 415 683 puer
450 617 709 677 Ascanius,
747 616 828 665 cui
863 633 998 665 nunc
1034 633 1316 679 cognomen
1355 617 1468 665 Iulo

207 701 406 751 additur
444 700 571 767 (Ilus
609 709 724 759 erat,
765 701 888 748 dum
924 716 999 748 res
1037 698 1171 749 stetit
1210 698 1302 747 Ilia
1337 697 1525 763 regno),

206 783 404 848 triginta
439 799 647 846 magnos
683 782 941 832 volvendis
979 782 1233 831 mensibus
1271 780 1404 830 orbis

206 864 415 929 imperio
453 864 682 927 explebit,
723 881 1031 927 regnumque
1066 864 1130 912 ab
1167 864 1286 912 sede
1323 861 1498 911 Lavini
1809 877 1886 922 270

206 948 475 1005 transferet,
516 955 564 995 et
600 947 800 1009 longam
838 947 993 994 multa
1028 945 1076 993 vi
1112 944 1302 994 muniet
1339 944 1535 993 Albam.

205 1027 287 1076 hic
323 1027 422 1076 iam
459 1036 531 1076 ter
567 1036 769 1075 centum
806 1036 937 1076 totos
974 1025 1256 1090 regnabitur
1291 1042 1450 1074 annos

203 1118 351 1173 gente
388 1109 482 1157 sub
521 1111 786 1168 Hectorea,
828 1110 991 1157 donec
1027 1108 1194 1172 regina
1232 1108 1462 1156 sacerdos

207 1192 370 1239 Marte
406 1190 563 1254 gravis
600 1190 851 1253 geminam
886 1198 1030 1252 partu
1067 1188 1205 1238 dabit
1245 1188 1338 1237 Ilia
1373 1189 1577 1251 prolem.

204 1271 323 1322 inde
360 1274 506 1335 lupae
542 1273 678 1320 fulvo
717 1270 920 1320 nutricis
957 1270 1175 1334 tegmine
1211 1273 1368 1320 laetus
1806 1287 1882 1331 ²75

206 1355 454 1403 Romulus
492 1353 701 1416 excipiet
737 1362 937 1417 gentem
975 1362 1023 1402 et
1063 1353 1308 1402 Mavortia
1345 1353 1530 1402 condet
1685 1362 1688 1365 ’

205 1434 404 1483 moenia
442 1436 802 1497 Romanosque
840 1451 931 1483 suo
967 1436 1031 1483 de
1068 1433 1272 1483 nomine
1309 1433 1453 1483 dicet.

204 1516 280 1564 his
318 1533 410 1580 ego
447 1533 540 1564 nec
578 1525 733 1565 metas
770 1533 933 1565 rerum
970 1533 1063 1565 nec
1099 1526 1324 1580 tempora
1360 1533 1528 1579 pono:

203 1597 466 1661 imperium
503 1597 610 1646 sine
646 1599 745 1647 fine
783 1597 912 1647 dedi.
988 1597 1108 1661 quin
1144 1615 1317 1661 aspera
1356 1599 1498 1656 Iuno,

203 1695 332 1742 quae
358 1695 492 1727 mare
518 1695 653 1735 nunc
678 1688 929 1743 terrasque
954 1689 1091 1728 metu
1117 1681 1411 1743 caelumque
1437 1678 1620 1743 fatigat,
1805 1687 1882 1727 280

203 1761 410 1810 consilia
445 1761 496 1809 in
534 1761 710 1810 melius
746 1764 934 1821 referet,
975 1779 1273 1826 mecumque
1310 1762 1497 1812 fovebit

204 1844 477 1903 Romanos,
519 1860 681 1892 rerum
719 1843 952 1892 dominos
988 1853 1289 1907 gentemque
1327 1853 1558 1908 togatam.

203 1923 273 1972 sic
309 1923 560 1987 placitum.
634 1923 799 1972 veniet
835 1924 997 1973 lustris
1035 1924 1317 1974 labentibus
1355 1934 1489 1974 aetas

202 2022 318 2053 cum
355 2007 535 2054 domus
571 2005 801 2054 Assaraci
839 2005 1072 2054 Phthiam
1112 2008 1367 2071 clarasque
1406 2000 1655 2070 Mycenas

202 2086 399 2136 servitio
435 2096 627 2150 premet
662 2103 721 2135 ac
757 2086 897 2136 victis
936 2087 1275 2137 dominabitur
1313 2088 1469 2152 Argis.
1801 2096 1876 2147 285

202 2178 431 2217 nascetur
465 2170 672 2231 pulchra
707 2168 953 2217 Troianus
991 2169 1178 2233 origine
1217 2171 1413 2229 Caesar,

201 2248 464 2313 imperium
502 2250 722 2308 Oceano,
762 2251 946 2297 famam
985 2250 1070 2313 qui
1107 2250 1338 2299 terminet
1373 2249 1527 2310 astriS,

203 2330 374 2390 Iulius,
412 2347 442 2378 a
478 2347 659 2393 magno
696 2330 969 2380 demissum
1008 2348 1195 2380 nomen
1234 2333 1359 2380 Iulo.

200 2413 335 2460 hunc
371 2421 424 2459 tu
461 2411 581 2460 olim
619 2413 758 2460 caelo
797 2412 967 2475 spoliis
1007 2412 1225 2462 Orientis
1262 2422 1499 2462 onustum

198 2492 412 2555 accipies
450 2509 621 2541 secura
637 2511 650 2553 3
699 2492 958 2542 vocabitur
995 2492 1076 2541 hic
1113 2509 1315 2556 quoque
1350 2493 1490 2543 votis.
1798 2512 1877 2554 ²90

198 2590 372 2636 aspera
408 2582 514 2621 tum
550 2573 724 2636 positis
765 2574 1027 2623 mitescent
1065 2576 1261 2623 saecula
1298 2574 1438 2624 bellis
1456 2593 1471 2635 ,·

199 2673 324 2704 cana
361 2655 509 2704 Fides
547 2666 595 2705 et
631 2659 798 2716 Vesta,
841 2659 1005 2706 Remo
1042 2673 1158 2705 cum
1194 2659 1339 2705 fratre
1377 2655 1614 2718 Quirinus

198 2736 302 2784 iura
338 2737 530 2786 dabunt
548 2756 563 2797 3
610 2737 745 2786 dirae
781 2739 908 2786 ferro
946 2747 994 2785 et
1033 2737 1356 2801 compagibus
1392 2737 1507 2787 artis

198 2819 491 2867 claudentur
529 2818 655 2867 Belli
691 2828 862 2883 portae
880 2837 894 2879 3
943 2821 1098 2867 Furor
1134 2818 1315 2882 impius
1351 2818 1483 2868 intus

253 2949 444 2997 263-268
465 2949 622 2998 FMR3
654 2949 846 2999 269-276
866 2947 986 2998 MR;
1029 2962 1219 2999 277—294
1241 2948 1374 2988 MPR
1609 2961 1689 2997 272
1717 2951 1755 2987 et
1770 2947 1871 2987 hinc

199 3000 238 3038 et
253 3003 320 3042 hic
344 3003 496 3043 invenit
515 3002 628 3043 Serv.
772 3004 852 3053 289
882 3004 985 3043 alios
1004 3004 1229 3043 honestum
1251 3004 1390 3055 legisse
1409 3006 1581 3042 testatur
1596 3002 1711 3043 Serv.
