2020 3372
759 449 1045 499 ECLOGA
1079 451 1216 498 VIII

322 580 613 627 PASTORVM
653 581 854 628 Musam
893 580 1137 629 Damonis
1175 590 1223 629 et
1259 580 1600 645 Alphesiboei,

251 657 514 708 immemor
548 660 813 709 herbarum
851 678 976 724 quos
1014 671 1087 710 est
1123 661 1297 711 mirata
1332 662 1543 712 iuvenca

251 740 495 800 certantis,
535 758 746 804 quorum
784 744 1088 805 stupefactae
1126 743 1343 793 carmine
1379 746 1562 807 lynces,

251 830 299 870 et
335 831 524 870 mutata
559 839 675 871 suos
712 823 996 886 requierunt
1033 824 1239 873 fiumina
1275 842 1460 886 cursus,

250 904 494 952 Damonis
533 906 733 953 Musam
771 904 995 954 dicemus
1032 915 1080 954 et
1118 906 1455 969 Alphesiboei.
1801 929 1822 968 5

316 987 396 1033 Tu
432 985 554 1033 mihi
590 1003 677 1035 seu
714 987 880 1050 magni
917 1004 1117 1050 superas
1154 987 1253 1036 iam
1290 1005 1406 1037 saxa
1442 988 1650 1049 Timavi,

247 1065 349 1114 sive
385 1084 522 1115 oram
560 1067 741 1130 Illyrici
777 1068 896 1132 legis
932 1068 1313 1131 aequoris,—en
1350 1068 1439 1118 erit
1475 1086 1714 1132 umquam

246 1146 328 1197 ille
364 1147 483 1208 dies,
523 1148 646 1197 mihi
681 1166 796 1198 cum
833 1149 978 1198 liceat
1014 1160 1099 1198 tua
1136 1150 1299 1200 dicere
1335 1152 1500 1199 facta?

247 1245 309 1276 en
346 1228 436 1278 erit
471 1239 525 1278 ut
561 1230 705 1279 liceat
741 1240 901 1279 totum
938 1230 1061 1280 mihi
1097 1233 1220 1280 ferre
1256 1249 1343 1295 per
1379 1232 1552 1280 orbem

246 1313 351 1359 sola
387 1313 670 1374 Sophocleo
707 1321 791 1360 tua
828 1312 1046 1360 carmina
1082 1312 1231 1375 digna
1268 1315 1514 1361 coturno?
1771 1334 1818 1361 10

244 1409 274 1440 a
309 1401 357 1441 te
392 1392 702 1456 principium,
743 1393 833 1442 tibi
869 1393 1125 1443 desinam:
1179 1394 1351 1458 accipe
1387 1394 1530 1442 iussis

245 1474 463 1522 carmina
488 1484 665 1538 coepta
690 1474 799 1535 tuis,
822 1484 972 1538 atque
996 1477 1127 1524 hanc
1153 1475 1259 1524 sine
1285 1485 1509 1538 tempora
1534 1475 1719 1524 circum

244 1554 371 1604 inter
405 1555 616 1604 victricis
653 1558 891 1606 hederam
927 1556 1017 1605 tibi
1054 1574 1248 1620 serpere
1285 1559 1461 1605 lauros.

257 1666 271 1668 -
313 1636 508 1700 Frigida
542 1637 622 1686 vix
658 1639 796 1687 caelo
834 1638 994 1687 noctis
1032 1640 1311 1687 decesserat
1348 1639 1536 1698 umbra,

243 1736 358 1767 cum
394 1736 474 1768 ros
510 1718 561 1767 in
599 1728 767 1768 tenera
803 1719 970 1783 pecori
1006 1719 1310 1783 gratissimus
1347 1721 1521 1769 herba:
1768 1742 1815 1782 15

242 1799 537 1850 incumbens
574 1800 715 1849 tereti
753 1803 955 1850 Damon
992 1801 1063 1850 sic
1100 1801 1265 1865 coepit
1302 1801 1472 1850 olivae.

139 1887 195 1927 D.
314 1884 530 1931 Nascere
554 1899 771 1946 praeque
796 1882 930 1932 diem
954 1883 1158 1932 veniens
1183 1900 1287 1948 age,
1318 1883 1527 1943 Lucifer,
1554 1885 1755 1944 almum,

242 1963 464 2027 coniugis
501 1963 707 2027 indigno
746 1966 911 2027 Nysae
948 1966 1187 2028 deceptus
1224 1981 1392 2013 amore

240 2047 362 2094 dum
399 2061 578 2108 queror
613 2055 662 2094 et
698 2045 853 2104 divos,
882 2062 1187 2109 quamquam
1225 2045 1293 2093 nil
1330 2045 1537 2094 testibus
1575 2044 1667 2094 illis

240 2126 440 2189 profeci,
480 2136 696 2175 extrema
732 2126 948 2175 moriens
985 2137 1153 2175 tamen
1189 2129 1434 2190 adloquor
1469 2129 1603 2175 hora.
1764 2149 1812 2175 20

307 2207 471 2271 incipe
509 2206 787 2257 Maenalios
827 2225 1039 2268 mecum,
1081 2225 1193 2256 mea
1229 2207 1362 2268 tibia,
1396 2224 1581 2256 versus.

241 2291 502 2338 Maenalus
538 2299 865 2354 argutumque
902 2307 1078 2338 nemus
1115 2289 1362 2353 pinusque
1398 2288 1646 2352 loquentis

240 2387 434 2433 semper
468 2372 632 2431 habet,
673 2388 867 2434 semper
901 2380 1157 2434 pastorum
1193 2369 1275 2418 ille
1310 2369 1449 2418 audit
1483 2386 1675 2418 amores

239 2454 487 2515 Panaque,
525 2452 610 2516 qui
646 2452 832 2516 primus
871 2455 1088 2501 calamos
1125 2469 1228 2501 non
1265 2468 1437 2515 passus
1473 2450 1653 2499 inertis.

304 2532 468 2596 incipe
502 2533 782 2583 Maenalios
820 2551 1032 2593 mecum,
1071 2550 1183 2582 mea
1218 2532 1352 2592 tibia,
1391 2548 1570 2581 versus.
1759 2552 1807 2591 25

239 2615 424 2677 Mopso
462 2617 598 2677 Nysa
633 2617 805 2664 datur:
849 2615 970 2678 quid
1007 2632 1109 2663 non
1147 2631 1401 2677 speremus
1439 2615 1697 2661 amantes?

189 2743 308 2783 VIII.
354 2746 458 2782 1-18
479 2743 588 2792 MP;
624 2746 757 2794 19-26
777 2743 907 2782 MPV
1136 2759 1161 2793 4
1184 2744 1454 2795 requierunt]
1476 2742 1718 2792 linquerunt
1737 2743 1780 2793 7¹
1799 2758 1806 2781 :

135 2798 352 2848 liquerunt
373 2798 460 2836 mvn-¹
632 2812 677 2837 11
712 2799 804 2850 tibi]
829 2799 872 2837 in
902 2804 945 2837 te
977 2798 1174 2837 desiderat
1202 2797 1470 2848 Peerlkamp3
1505 2797 1577 2835 sed
1592 2810 1736 2835 sensus
1754 2803 1811 2835 est

137 2853 239 2891 ‘tibi
259 2854 300 2892 h.
317 2867 352 2892 e.
377 2853 421 2891 in
444 2859 563 2891 tuum
591 2853 802 2892 honorem
829 2859 964 2891 totum
995 2866 1166 2891 carmen
1196 2865 1332 2902 usque
1363 2853 1417 2890 ad
1443 2852 1683 2889 umbilicum
1712 2864 1807 2890 con·

135 2906 343 2947 scribam.'
473 2908 660 2946 desinam
680 2907 762 2957 Ργ1
782 2922 791 2947 :
821 2908 989 2946 desinet
1010 2906 1133 2945 Maca
1146 2907 1359 2945 scholiasta
1372 2906 1493 2945 Ber-n.
1514 2919 1634 2956 quem
1653 2910 1810 2944 secutus

135 2962 253 3000 verba
284 2963 359 3000 ‘en
402 2962 483 3001 erit
512 2975 697 3011 unquam
730 2992 738 3000 .
765 2990 774 3001 .
797 2992 805 3000 .
841 2962 915 3000 tibi
949 2960 1141 3000 desinet'
1166 2961 1405 3012 parenthesi
1432 2960 1603 2999 includit
1631 2960 1809 2999 Kloueek

137 3029 190 3055 20
219 3016 425 3065 adloquar
445 3015 629 3055 M1P²V
787 3029 838 3064 24
869 3016 1052 3065 primum
1073 3015 1177 3066 Mb1,
1204 3020 1251 3054 ut
1269 3018 1311 3055 ii.
1333 3029 1385 3065 32
