<?xml version="1.0" encoding="UTF-8"?>
<!DOCTYPE html PUBLIC "-//W3C//DTD XHTML 1.0 Transitional//EN"
    "http://www.w3.org/TR/xhtml1/DTD/xhtml1-transitional.dtd">
<html xmlns="http://www.w3.org/1999/xhtml" xml:lang="en" lang="en">
 <head>
  <title>
</title>
<meta http-equiv="Content-Type" content="text/html;charset=utf-8" />
  <meta name='ocr-system' content='tesseract 3.04.00' />
  <meta name='ocr-capabilities' content='ocr_page ocr_carea ocr_par ocr_line ocrx_word'/>
</head>
<body>
  <div class='ocr_page' id='page_1' title='image "./operarecognovitb00virguoft_0184.png"; bbox 0 0 2014 3372; ppageno 0'>
   <div class='ocr_carea' id='block_1_1' title="bbox 251 145 1017 195">
    <p class='ocr_par' dir='ltr' id='par_1_1' title="bbox 251 145 1017 195">
     <span class='ocr_line' id='line_1_1' title="bbox 251 145 1017 195; baseline 0.003 -4"><span class='ocrx_word' id='word_1_1' title='bbox 251 145 310 192; x_wconf 88' lang='lat' dir='ltr'>P.</span> <span class='ocrx_word' id='word_1_2' title='bbox 351 146 651 194; x_wconf 91' lang='lat' dir='ltr'>VERGILI</span> <span class='ocrx_word' id='word_1_3' title='bbox 691 146 1017 195; x_wconf 88' lang='lat' dir='ltr'><strong>MARONIS</strong></span> 
     </span>
    </p>
   </div>
   <div class='ocr_carea' id='block_1_2' title="bbox 238 284 1930 2788">
    <p class='ocr_par' dir='ltr' id='par_1_2' title="bbox 238 284 1930 2788">
     <span class='ocr_line' id='line_1_2' title="bbox 255 284 1929 348; baseline 0.001 -15"><span class='ocrx_word' id='word_1_4' title='bbox 255 302 407 348; x_wconf 89' lang='lat' dir='ltr'>quam</span> <span class='ocrx_word' id='word_1_5' title='bbox 443 284 583 334; x_wconf 91' lang='lat' dir='ltr'>fessis</span> <span class='ocrx_word' id='word_1_6' title='bbox 621 286 773 334; x_wconf 91' lang='lat' dir='ltr'>finem</span> <span class='ocrx_word' id='word_1_7' title='bbox 810 285 956 333; x_wconf 91' lang='lat' dir='ltr'>rebus</span> <span class='ocrx_word' id='word_1_8' title='bbox 994 287 1128 345; x_wconf 91' lang='lat' dir='ltr'>ferat,</span> <span class='ocrx_word' id='word_1_9' title='bbox 1167 287 1302 335; x_wconf 91' lang='lat' dir='ltr'>unde</span> <span class='ocrx_word' id='word_1_10' title='bbox 1338 286 1564 335; x_wconf 92' lang='lat' dir='ltr'>laborum</span> <span class='ocrx_word' id='word_1_11' title='bbox 1719 333 1723 336; x_wconf 77' lang='grc'>,</span> <span class='ocrx_word' id='word_1_12' title='bbox 1854 305 1929 348; x_wconf 83' lang='lat'>145</span> 
     </span>
     <span class='ocr_line' id='line_1_3' title="bbox 258 366 1573 430; baseline 0.002 -16"><span class='ocrx_word' id='word_1_13' title='bbox 258 375 498 430; x_wconf 90' lang='lat' dir='ltr'>temptare</span> <span class='ocrx_word' id='word_1_14' title='bbox 535 366 771 415; x_wconf 87' lang='lat' dir='ltr'>auxilium</span> <span class='ocrx_word' id='word_1_15' title='bbox 808 366 990 426; x_wconf 87' lang='lat' dir='ltr'>iubeat,</span> <span class='ocrx_word' id='word_1_16' title='bbox 1030 383 1131 430; x_wconf 94' lang='lat' dir='ltr'>quo</span> <span class='ocrx_word' id='word_1_17' title='bbox 1166 377 1353 417; x_wconf 92' lang='lat' dir='ltr'>vertere</span> <span class='ocrx_word' id='word_1_18' title='bbox 1389 384 1573 416; x_wconf 90' lang='lat' dir='ltr'>cursus.</span> 
     </span>
     <span class='ocr_line' id='line_1_4' title="bbox 326 447 1629 498; baseline 0.001 -2"><span class='ocrx_word' id='word_1_19' title='bbox 326 449 442 496; x_wconf 85' lang='lat' dir='ltr'>Nox</span> <span class='ocrx_word' id='word_1_20' title='bbox 479 457 580 496; x_wconf 90' lang='lat' dir='ltr'>erat</span> <span class='ocrx_word' id='word_1_21' title='bbox 617 457 665 496; x_wconf 92' lang='lat' dir='ltr'>et</span> <span class='ocrx_word' id='word_1_22' title='bbox 702 447 839 496; x_wconf 88' lang='lat' dir='ltr'>terris</span> <span class='ocrx_word' id='word_1_23' title='bbox 875 447 1107 497; x_wconf 89' lang='lat' dir='ltr'>animalia</span> <span class='ocrx_word' id='word_1_24' title='bbox 1143 465 1347 497; x_wconf 88' lang='lat' dir='ltr'>somnus</span> <span class='ocrx_word' id='word_1_25' title='bbox 1383 449 1629 498; x_wconf 91' lang='lat' dir='ltr'>habebat:</span> 
     </span>
     <span class='ocr_line' id='line_1_5' title="bbox 253 529 1436 594; baseline 0 -16"><span class='ocrx_word' id='word_1_26' title='bbox 253 529 436 593; x_wconf 89' lang='lat' dir='ltr'>effigies</span> <span class='ocrx_word' id='word_1_27' title='bbox 474 547 641 578; x_wconf 90' lang='lat' dir='ltr'>sacrae</span> <span class='ocrx_word' id='word_1_28' title='bbox 678 529 850 578; x_wconf 92' lang='lat' dir='ltr'>divum</span> <span class='ocrx_word' id='word_1_29' title='bbox 887 529 1184 593; x_wconf 85' lang='lat' dir='ltr'>Phrygiique</span> <span class='ocrx_word' id='word_1_30' title='bbox 1219 539 1436 594; x_wconf 87' lang='lat' dir='ltr'>penates,</span> 
     </span>
     <span class='ocr_line' id='line_1_6' title="bbox 249 610 1713 675; baseline 0.001 -17"><span class='ocrx_word' id='word_1_31' title='bbox 249 626 379 673; x_wconf 92' lang='lat' dir='ltr'>quos</span> <span class='ocrx_word' id='word_1_32' title='bbox 416 627 615 659; x_wconf 92' lang='lat' dir='ltr'>mecum</span> <span class='ocrx_word' id='word_1_33' title='bbox 652 611 717 659; x_wconf 89' lang='lat' dir='ltr'>ab</span> <span class='ocrx_word' id='word_1_34' title='bbox 753 610 904 659; x_wconf 89' lang='lat' dir='ltr'>Troia</span> <span class='ocrx_word' id='word_1_35' title='bbox 939 611 1217 674; x_wconf 84' lang='lat' dir='ltr'>mediisque</span> <span class='ocrx_word' id='word_1_36' title='bbox 1254 629 1313 660; x_wconf 85' lang='lat' dir='ltr'>ex</span> <span class='ocrx_word' id='word_1_37' title='bbox 1348 611 1543 675; x_wconf 88' lang='lat' dir='ltr'>ignibus</span> <span class='ocrx_word' id='word_1_38' title='bbox 1580 610 1713 661; x_wconf 90' lang='lat' dir='ltr'>urbis</span> 
     </span>
     <span class='ocr_line' id='line_1_7' title="bbox 252 692 1930 757; baseline 0.001 -17"><span class='ocrx_word' id='word_1_39' title='bbox 252 693 535 752; x_wconf 83' lang='lat' dir='ltr'>extuleram,</span> <span class='ocrx_word' id='word_1_40' title='bbox 577 692 667 740; x_wconf 90' lang='lat' dir='ltr'>visi</span> <span class='ocrx_word' id='word_1_41' title='bbox 702 701 818 741; x_wconf 87' lang='lat' dir='ltr'>ante</span> <span class='ocrx_word' id='word_1_42' title='bbox 855 694 1028 757; x_wconf 75' lang='lat' dir='ltr'>oculos</span> <span class='ocrx_word' id='word_1_43' title='bbox 1064 702 1223 741; x_wconf 91' lang='lat' dir='ltr'>astare</span> <span class='ocrx_word' id='word_1_44' title='bbox 1258 692 1463 741; x_wconf 91' lang='lat' dir='ltr'>iacentis</span> <span class='ocrx_word' id='word_1_45' title='bbox 1853 713 1930 754; x_wconf 88' lang='lat'>150</span> 
     </span>
     <span class='ocr_line' id='line_1_8' title="bbox 250 773 1472 837; baseline 0.002 -17"><span class='ocrx_word' id='word_1_46' title='bbox 250 773 302 821; x_wconf 91' lang='lat' dir='ltr'>in</span> <span class='ocrx_word' id='word_1_47' title='bbox 339 773 526 822; x_wconf 90' lang='lat' dir='ltr'>somnis</span> <span class='ocrx_word' id='word_1_48' title='bbox 564 775 722 822; x_wconf 90' lang='lat' dir='ltr'>multo</span> <span class='ocrx_word' id='word_1_49' title='bbox 759 773 1007 822; x_wconf 81' lang='lat' dir='ltr'>manifesti</span> <span class='ocrx_word' id='word_1_50' title='bbox 1044 774 1245 833; x_wconf 89' lang='lat' dir='ltr'>lumine,</span> <span class='ocrx_word' id='word_1_51' title='bbox 1285 791 1384 837; x_wconf 87' lang='lat' dir='ltr'>qua</span> <span class='ocrx_word' id='word_1_52' title='bbox 1419 790 1472 822; x_wconf 92' lang='lat' dir='ltr'>se</span> 
     </span>
     <span class='ocr_line' id='line_1_9' title="bbox 250 854 1500 918; baseline 0.002 -16"><span class='ocrx_word' id='word_1_53' title='bbox 250 856 398 917; x_wconf 90' lang='lat' dir='ltr'>plena</span> <span class='ocrx_word' id='word_1_54' title='bbox 434 872 521 918; x_wconf 92' lang='lat' dir='ltr'>per</span> <span class='ocrx_word' id='word_1_55' title='bbox 557 854 763 903; x_wconf 91' lang='lat' dir='ltr'>insertas</span> <span class='ocrx_word' id='word_1_56' title='bbox 799 855 1042 904; x_wconf 89' lang='lat' dir='ltr'>fundebat</span> <span class='ocrx_word' id='word_1_57' title='bbox 1079 857 1195 904; x_wconf 88' lang='lat' dir='ltr'>luna</span> <span class='ocrx_word' id='word_1_58' title='bbox 1232 857 1468 904; x_wconf 85' lang='lat' dir='ltr'>fenestras</span> <span class='ocrx_word' id='word_1_59' title='bbox 1487 874 1500 916; x_wconf 99' lang='lat'><em>3</em></span> 
     </span>
     <span class='ocr_line' id='line_1_10' title="bbox 250 936 1481 986; baseline 0.001 -2"><span class='ocrx_word' id='word_1_60' title='bbox 250 945 356 984; x_wconf 93' lang='lat' dir='ltr'>tum</span> <span class='ocrx_word' id='word_1_61' title='bbox 395 936 465 984; x_wconf 91' lang='lat' dir='ltr'>sic</span> <span class='ocrx_word' id='word_1_62' title='bbox 500 936 657 985; x_wconf 88' lang='lat' dir='ltr'>adfari</span> <span class='ocrx_word' id='word_1_63' title='bbox 694 946 742 985; x_wconf 91' lang='lat' dir='ltr'>et</span> <span class='ocrx_word' id='word_1_64' title='bbox 779 953 919 985; x_wconf 91' lang='lat' dir='ltr'>curas</span> <span class='ocrx_word' id='word_1_65' title='bbox 957 936 1032 985; x_wconf 86' lang='lat' dir='ltr'>his</span> <span class='ocrx_word' id='word_1_66' title='bbox 1070 938 1270 986; x_wconf 91' lang='lat' dir='ltr'>demere</span> <span class='ocrx_word' id='word_1_67' title='bbox 1306 937 1481 986; x_wconf 89' lang='lat' dir='ltr'>dictis:</span> 
     </span>
     <span class='ocr_line' id='line_1_11' title="bbox 253 1017 1646 1081; baseline 0.001 -16"><span class='ocrx_word' id='word_1_68' title='bbox 253 1019 419 1080; x_wconf 91' lang='lat' dir='ltr'>‘quod</span> <span class='ocrx_word' id='word_1_69' title='bbox 457 1017 548 1067; x_wconf 90' lang='lat' dir='ltr'>tibi</span> <span class='ocrx_word' id='word_1_70' title='bbox 584 1020 752 1067; x_wconf 91' lang='lat' dir='ltr'>delato</span> <span class='ocrx_word' id='word_1_71' title='bbox 790 1018 1045 1081; x_wconf 86' lang='lat' dir='ltr'>Ortygiam</span> <span class='ocrx_word' id='word_1_72' title='bbox 1082 1018 1302 1067; x_wconf 90' lang='lat' dir='ltr'>dicturus</span> <span class='ocrx_word' id='word_1_73' title='bbox 1338 1019 1523 1081; x_wconf 92' lang='lat' dir='ltr'>Apollo</span> <span class='ocrx_word' id='word_1_74' title='bbox 1560 1027 1646 1079; x_wconf 91' lang='lat' dir='ltr'>est,</span> 
     </span>
     <span class='ocr_line' id='line_1_12' title="bbox 249 1098 1924 1161; baseline 0.001 -15"><span class='ocrx_word' id='word_1_75' title='bbox 249 1098 330 1147; x_wconf 95' lang='lat' dir='ltr'>hic</span> <span class='ocrx_word' id='word_1_76' title='bbox 368 1099 499 1148; x_wconf 90' lang='lat' dir='ltr'>canit</span> <span class='ocrx_word' id='word_1_77' title='bbox 537 1108 585 1148; x_wconf 92' lang='lat' dir='ltr'>et</span> <span class='ocrx_word' id='word_1_78' title='bbox 622 1108 707 1148; x_wconf 91' lang='lat' dir='ltr'>tua</span> <span class='ocrx_word' id='word_1_79' title='bbox 742 1116 834 1148; x_wconf 92' lang='lat' dir='ltr'>nos</span> <span class='ocrx_word' id='word_1_80' title='bbox 872 1116 935 1148; x_wconf 95' lang='lat' dir='ltr'>en</span> <span class='ocrx_word' id='word_1_81' title='bbox 971 1101 1100 1148; x_wconf 87' lang='lat' dir='ltr'>ultro</span> <span class='ocrx_word' id='word_1_82' title='bbox 1136 1102 1201 1148; x_wconf 94' lang='lat' dir='ltr'>ad</span> <span class='ocrx_word' id='word_1_83' title='bbox 1237 1099 1408 1148; x_wconf 91' lang='lat' dir='ltr'>limina</span> <span class='ocrx_word' id='word_1_84' title='bbox 1444 1099 1606 1148; x_wconf 89' lang='lat' dir='ltr'>mittit.</span> <span class='ocrx_word' id='word_1_85' title='bbox 1848 1119 1924 1161; x_wconf 89' lang='lat'>155</span> 
     </span>
     <span class='ocr_line' id='line_1_13' title="bbox 248 1181 1554 1244; baseline -0.001 -15"><span class='ocrx_word' id='word_1_86' title='bbox 248 1197 340 1229; x_wconf 91' lang='lat' dir='ltr'>nos</span> <span class='ocrx_word' id='word_1_87' title='bbox 378 1189 426 1229; x_wconf 89' lang='lat' dir='ltr'>te</span> <span class='ocrx_word' id='word_1_88' title='bbox 465 1181 719 1230; x_wconf 90' lang='lat' dir='ltr'>Dardania</span> <span class='ocrx_word' id='word_1_89' title='bbox 754 1181 957 1230; x_wconf 91' lang='lat' dir='ltr'>incensa</span> <span class='ocrx_word' id='word_1_90' title='bbox 993 1190 1177 1244; x_wconf 90' lang='lat' dir='ltr'>tuaque</span> <span class='ocrx_word' id='word_1_91' title='bbox 1213 1198 1349 1229; x_wconf 90' lang='lat' dir='ltr'>arma</span> <span class='ocrx_word' id='word_1_92' title='bbox 1385 1181 1554 1240; x_wconf 90' lang='lat' dir='ltr'>secuti,</span> 
     </span>
     <span class='ocr_line' id='line_1_14' title="bbox 248 1261 1637 1326; baseline 0 -16"><span class='ocrx_word' id='word_1_93' title='bbox 248 1279 339 1311; x_wconf 89' lang='lat' dir='ltr'>nos</span> <span class='ocrx_word' id='word_1_94' title='bbox 377 1261 627 1311; x_wconf 92' lang='lat' dir='ltr'>tumidum</span> <span class='ocrx_word' id='word_1_95' title='bbox 664 1263 758 1311; x_wconf 89' lang='lat' dir='ltr'>sub</span> <span class='ocrx_word' id='word_1_96' title='bbox 793 1272 842 1311; x_wconf 93' lang='lat' dir='ltr'>te</span> <span class='ocrx_word' id='word_1_97' title='bbox 878 1262 1127 1326; x_wconf 89' lang='lat' dir='ltr'>permensi</span> <span class='ocrx_word' id='word_1_98' title='bbox 1163 1263 1402 1312; x_wconf 90' lang='lat' dir='ltr'>classibus</span> <span class='ocrx_word' id='word_1_99' title='bbox 1438 1279 1637 1326; x_wconf 91' lang='lat' dir='ltr'>aequor,</span> 
     </span>
     <span class='ocr_line' id='line_1_15' title="bbox 247 1343 1416 1407; baseline 0 -15"><span class='ocrx_word' id='word_1_100' title='bbox 247 1343 382 1393; x_wconf 89' lang='lat' dir='ltr'>idem</span> <span class='ocrx_word' id='word_1_101' title='bbox 419 1353 652 1393; x_wconf 90' lang='lat' dir='ltr'>venturos</span> <span class='ocrx_word' id='word_1_102' title='bbox 689 1345 920 1393; x_wconf 89' lang='lat' dir='ltr'>tollemus</span> <span class='ocrx_word' id='word_1_103' title='bbox 957 1344 1008 1391; x_wconf 94' lang='lat' dir='ltr'>in</span> <span class='ocrx_word' id='word_1_104' title='bbox 1043 1353 1172 1392; x_wconf 90' lang='lat' dir='ltr'>astra</span> <span class='ocrx_word' id='word_1_105' title='bbox 1207 1353 1416 1407; x_wconf 91' lang='lat' dir='ltr'>nepotes</span> 
     </span>
     <span class='ocr_line' id='line_1_16' title="bbox 247 1425 1630 1490; baseline 0 -16"><span class='ocrx_word' id='word_1_106' title='bbox 247 1426 612 1489; x_wconf 88' lang='lat' dir='ltr'>imperiumque</span> <span class='ocrx_word' id='word_1_107' title='bbox 649 1426 759 1475; x_wconf 92' lang='lat' dir='ltr'>urbi</span> <span class='ocrx_word' id='word_1_108' title='bbox 796 1426 1039 1475; x_wconf 88' lang='lat' dir='ltr'>dabimus.</span> <span class='ocrx_word' id='word_1_109' title='bbox 1115 1436 1168 1474; x_wconf 90' lang='lat' dir='ltr'>tu</span> <span class='ocrx_word' id='word_1_110' title='bbox 1206 1426 1404 1475; x_wconf 91' lang='lat' dir='ltr'>moenia</span> <span class='ocrx_word' id='word_1_111' title='bbox 1441 1425 1630 1490; x_wconf 90' lang='lat' dir='ltr'>magnis</span> 
     </span>
     <span class='ocr_line' id='line_1_17' title="bbox 247 1507 1925 1571; baseline 0.001 -16"><span class='ocrx_word' id='word_1_112' title='bbox 247 1524 427 1570; x_wconf 88' lang='lat' dir='ltr'>magna</span> <span class='ocrx_word' id='word_1_113' title='bbox 462 1525 580 1571; x_wconf 91' lang='lat' dir='ltr'>para</span> <span class='ocrx_word' id='word_1_114' title='bbox 615 1510 921 1571; x_wconf 90' lang='lat' dir='ltr'>longumque</span> <span class='ocrx_word' id='word_1_115' title='bbox 957 1509 1101 1570; x_wconf 92' lang='lat' dir='ltr'>fugae</span> <span class='ocrx_word' id='word_1_116' title='bbox 1137 1524 1200 1556; x_wconf 95' lang='lat' dir='ltr'>ne</span> <span class='ocrx_word' id='word_1_117' title='bbox 1237 1507 1406 1570; x_wconf 92' lang='lat' dir='ltr'>linque</span> <span class='ocrx_word' id='word_1_118' title='bbox 1442 1508 1676 1556; x_wconf 90' lang='lat' dir='ltr'>laborem.</span> <span class='ocrx_word' id='word_1_119' title='bbox 1847 1514 1925 1556; x_wconf 86' lang='lat'>160</span> 
     </span>
     <span class='ocr_line' id='line_1_18' title="bbox 246 1588 1540 1638; baseline 0.001 -2"><span class='ocrx_word' id='word_1_120' title='bbox 246 1590 516 1637; x_wconf 90' lang='lat' dir='ltr'>mutandae</span> <span class='ocrx_word' id='word_1_121' title='bbox 554 1590 710 1637; x_wconf 89' lang='lat' dir='ltr'>sedes.</span> <span class='ocrx_word' id='word_1_122' title='bbox 784 1605 887 1637; x_wconf 92' lang='lat' dir='ltr'>non</span> <span class='ocrx_word' id='word_1_123' title='bbox 924 1590 1048 1637; x_wconf 89' lang='lat' dir='ltr'>haec</span> <span class='ocrx_word' id='word_1_124' title='bbox 1084 1588 1175 1637; x_wconf 91' lang='lat' dir='ltr'>tibi</span> <span class='ocrx_word' id='word_1_125' title='bbox 1210 1589 1352 1638; x_wconf 91' lang='lat' dir='ltr'>litora</span> <span class='ocrx_word' id='word_1_126' title='bbox 1388 1588 1540 1637; x_wconf 90' lang='lat' dir='ltr'>suasit</span> 
     </span>
     <span class='ocr_line' id='line_1_19' title="bbox 247 1669 1462 1734; baseline 0 -16"><span class='ocrx_word' id='word_1_127' title='bbox 247 1669 422 1718; x_wconf 92' lang='lat' dir='ltr'>Delius</span> <span class='ocrx_word' id='word_1_128' title='bbox 458 1679 543 1719; x_wconf 91' lang='lat' dir='ltr'>aut</span> <span class='ocrx_word' id='word_1_129' title='bbox 581 1672 758 1720; x_wconf 90' lang='lat' dir='ltr'>Cretae</span> <span class='ocrx_word' id='word_1_130' title='bbox 794 1669 935 1719; x_wconf 89' lang='lat' dir='ltr'>iussit</span> <span class='ocrx_word' id='word_1_131' title='bbox 970 1670 1229 1719; x_wconf 92' lang='lat' dir='ltr'>considere</span> <span class='ocrx_word' id='word_1_132' title='bbox 1264 1672 1462 1734; x_wconf 89' lang='lat' dir='ltr'>Apollo.</span> 
     </span>
     <span class='ocr_line' id='line_1_20' title="bbox 245 1751 1565 1815; baseline 0.001 -16"><span class='ocrx_word' id='word_1_133' title='bbox 245 1761 319 1800; x_wconf 90' lang='lat' dir='ltr'>est</span> <span class='ocrx_word' id='word_1_134' title='bbox 355 1754 506 1812; x_wconf 91' lang='lat' dir='ltr'>locus,</span> <span class='ocrx_word' id='word_1_135' title='bbox 550 1751 849 1815; x_wconf 91' lang='lat' dir='ltr'>Hesperiam</span> <span class='ocrx_word' id='word_1_136' title='bbox 887 1751 1005 1801; x_wconf 89' lang='lat' dir='ltr'>Grai</span> <span class='ocrx_word' id='word_1_137' title='bbox 1042 1751 1341 1815; x_wconf 88' lang='lat' dir='ltr'>cognomine</span> <span class='ocrx_word' id='word_1_138' title='bbox 1377 1752 1565 1811; x_wconf 91' lang='lat' dir='ltr'>dicunt,</span> 
     </span>
     <span class='ocr_line' id='line_1_21' title="bbox 244 1833 1676 1896; baseline 0.001 -16"><span class='ocrx_word' id='word_1_139' title='bbox 244 1841 371 1881; x_wconf 90' lang='lat' dir='ltr'>terra</span> <span class='ocrx_word' id='word_1_140' title='bbox 406 1833 621 1896; x_wconf 87' lang='lat' dir='ltr'>antiqua,</span> <span class='ocrx_word' id='word_1_141' title='bbox 662 1842 841 1896; x_wconf 89' lang='lat' dir='ltr'>potens</span> <span class='ocrx_word' id='word_1_142' title='bbox 877 1833 1024 1881; x_wconf 90' lang='lat' dir='ltr'>armis</span> <span class='ocrx_word' id='word_1_143' title='bbox 1060 1843 1210 1896; x_wconf 92' lang='lat' dir='ltr'>atque</span> <span class='ocrx_word' id='word_1_144' title='bbox 1246 1834 1399 1882; x_wconf 91' lang='lat' dir='ltr'>ubere</span> <span class='ocrx_word' id='word_1_145' title='bbox 1435 1833 1676 1896; x_wconf 89' lang='lat' dir='ltr'>glaebae3</span> 
     </span>
     <span class='ocr_line' id='line_1_22' title="bbox 245 1913 1918 1975; baseline -0.001 -13"><span class='ocrx_word' id='word_1_146' title='bbox 245 1913 453 1962; x_wconf 90' lang='lat' dir='ltr'>Oenotri</span> <span class='ocrx_word' id='word_1_147' title='bbox 490 1916 687 1962; x_wconf 93' lang='lat' dir='ltr'>coluere</span> <span class='ocrx_word' id='word_1_148' title='bbox 723 1913 812 1962; x_wconf 89' lang='lat' dir='ltr'>viri</span> <span class='ocrx_word' id='word_1_149' title='bbox 829 1933 842 1975; x_wconf 90' lang='lat'><em>3</em></span> <span class='ocrx_word' id='word_1_150' title='bbox 890 1931 1024 1962; x_wconf 93' lang='lat' dir='ltr'>nunc</span> <span class='ocrx_word' id='word_1_151' title='bbox 1060 1916 1191 1962; x_wconf 88' lang='lat' dir='ltr'>fama</span> <span class='ocrx_word' id='word_1_152' title='bbox 1227 1914 1442 1963; x_wconf 90' lang='lat' dir='ltr'>minores</span> <span class='ocrx_word' id='word_1_153' title='bbox 1842 1921 1918 1974; x_wconf 89' lang='lat'>165</span> 
     </span>
     <span class='ocr_line' id='line_1_23' title="bbox 246 1994 1444 2058; baseline 0 -15"><span class='ocrx_word' id='word_1_154' title='bbox 246 1994 441 2043; x_wconf 91' lang='lat' dir='ltr'>Italiam</span> <span class='ocrx_word' id='word_1_155' title='bbox 479 1995 661 2044; x_wconf 87' lang='lat' dir='ltr'>dixisse</span> <span class='ocrx_word' id='word_1_156' title='bbox 697 1994 839 2044; x_wconf 90' lang='lat' dir='ltr'>ducis</span> <span class='ocrx_word' id='word_1_157' title='bbox 876 1996 941 2044; x_wconf 93' lang='lat' dir='ltr'>de</span> <span class='ocrx_word' id='word_1_158' title='bbox 977 1994 1181 2044; x_wconf 91' lang='lat' dir='ltr'>nomine</span> <span class='ocrx_word' id='word_1_159' title='bbox 1215 2004 1444 2058; x_wconf 88' lang='lat' dir='ltr'>gentem:</span> 
     </span>
     <span class='ocr_line' id='line_1_24' title="bbox 243 2075 1612 2139; baseline 0 -15"><span class='ocrx_word' id='word_1_160' title='bbox 243 2077 338 2124; x_wconf 91' lang='lat' dir='ltr'>hae</span> <span class='ocrx_word' id='word_1_161' title='bbox 375 2076 520 2125; x_wconf 90' lang='lat' dir='ltr'>nobis</span> <span class='ocrx_word' id='word_1_162' title='bbox 557 2075 784 2139; x_wconf 90' lang='lat' dir='ltr'>propriae</span> <span class='ocrx_word' id='word_1_163' title='bbox 821 2077 977 2135; x_wconf 91' lang='lat' dir='ltr'>sedes,</span> <span class='ocrx_word' id='word_1_164' title='bbox 1021 2076 1138 2124; x_wconf 91' lang='lat' dir='ltr'>hinc</span> <span class='ocrx_word' id='word_1_165' title='bbox 1176 2077 1441 2125; x_wconf 92' lang='lat' dir='ltr'>Dardanus</span> <span class='ocrx_word' id='word_1_166' title='bbox 1477 2084 1612 2124; x_wconf 91' lang='lat' dir='ltr'>ortus</span> 
     </span>
     <span class='ocr_line' id='line_1_25' title="bbox 245 2157 1621 2221; baseline 0 -16"><span class='ocrx_word' id='word_1_167' title='bbox 245 2157 505 2221; x_wconf 89' lang='lat' dir='ltr'>Iasiusque</span> <span class='ocrx_word' id='word_1_168' title='bbox 541 2166 691 2221; x_wconf 91' lang='lat' dir='ltr'>pater,</span> <span class='ocrx_word' id='word_1_169' title='bbox 732 2174 886 2221; x_wconf 90' lang='lat' dir='ltr'>genus</span> <span class='ocrx_word' id='word_1_170' title='bbox 923 2174 952 2206; x_wconf 91' lang='lat' dir='ltr'>a</span> <span class='ocrx_word' id='word_1_171' title='bbox 989 2173 1090 2220; x_wconf 93' lang='lat' dir='ltr'>quo</span> <span class='ocrx_word' id='word_1_172' title='bbox 1126 2157 1349 2221; x_wconf 84' lang='lat' dir='ltr'>principe</span> <span class='ocrx_word' id='word_1_173' title='bbox 1385 2166 1621 2206; x_wconf 88' lang='lat' dir='ltr'>nostrum.</span> 
     </span>
     <span class='ocr_line' id='line_1_26' title="bbox 242 2236 1624 2303; baseline -0.003 -15"><span class='ocrx_word' id='word_1_174' title='bbox 242 2256 384 2303; x_wconf 88' lang='lat' dir='ltr'>surge</span> <span class='ocrx_word' id='word_1_175' title='bbox 420 2256 510 2302; x_wconf 89' lang='lat' dir='ltr'>age</span> <span class='ocrx_word' id='word_1_176' title='bbox 547 2248 596 2288; x_wconf 90' lang='lat' dir='ltr'>et</span> <span class='ocrx_word' id='word_1_177' title='bbox 631 2241 756 2287; x_wconf 92' lang='lat' dir='ltr'>haec</span> <span class='ocrx_word' id='word_1_178' title='bbox 792 2240 948 2287; x_wconf 90' lang='lat' dir='ltr'>laetus</span> <span class='ocrx_word' id='word_1_179' title='bbox 985 2240 1227 2301; x_wconf 89' lang='lat' dir='ltr'>longaevo</span> <span class='ocrx_word' id='word_1_180' title='bbox 1265 2238 1398 2287; x_wconf 91' lang='lat' dir='ltr'>dicta</span> <span class='ocrx_word' id='word_1_181' title='bbox 1432 2236 1624 2301; x_wconf 90' lang='lat' dir='ltr'>parenti</span> 
     </span>
     <span class='ocr_line' id='line_1_27' title="bbox 241 2317 1917 2382; baseline -0.002 -13"><span class='ocrx_word' id='word_1_182' title='bbox 241 2322 377 2370; x_wconf 91' lang='lat' dir='ltr'>haud</span> <span class='ocrx_word' id='word_1_183' title='bbox 414 2320 691 2369; x_wconf 88' lang='lat' dir='ltr'>dubitanda</span> <span class='ocrx_word' id='word_1_184' title='bbox 727 2322 882 2369; x_wconf 89' lang='lat' dir='ltr'>refer:</span> <span class='ocrx_word' id='word_1_185' title='bbox 933 2321 1209 2382; x_wconf 91' lang='lat' dir='ltr'>Corythum</span> <span class='ocrx_word' id='word_1_186' title='bbox 1246 2328 1496 2382; x_wconf 90' lang='lat' dir='ltr'>terrasque</span> <span class='ocrx_word' id='word_1_187' title='bbox 1532 2317 1744 2382; x_wconf 89' lang='lat' dir='ltr'>requirat</span> <span class='ocrx_word' id='word_1_188' title='bbox 1840 2334 1917 2379; x_wconf 87' lang='lat'>170</span> 
     </span>
     <span class='ocr_line' id='line_1_28' title="bbox 241 2401 1529 2465; baseline -0.002 -14"><span class='ocrx_word' id='word_1_189' title='bbox 241 2402 518 2452; x_wconf 90' lang='lat' dir='ltr'>Ausonias:</span> <span class='ocrx_word' id='word_1_190' title='bbox 570 2402 780 2450; x_wconf 87' lang='lat' dir='ltr'>Dictaea</span> <span class='ocrx_word' id='word_1_191' title='bbox 816 2411 962 2465; x_wconf 91' lang='lat' dir='ltr'>negat</span> <span class='ocrx_word' id='word_1_192' title='bbox 999 2401 1089 2450; x_wconf 90' lang='lat' dir='ltr'>tibi</span> <span class='ocrx_word' id='word_1_193' title='bbox 1129 2401 1351 2464; x_wconf 91' lang='lat' dir='ltr'>Iuppiter</span> <span class='ocrx_word' id='word_1_194' title='bbox 1385 2402 1529 2448; x_wconf 91' lang='lat' dir='ltr'>arva.&#39;</span> 
     </span>
     <span class='ocr_line' id='line_1_29' title="bbox 240 2483 1336 2533; baseline -0.004 0"><span class='ocrx_word' id='word_1_195' title='bbox 240 2484 420 2533; x_wconf 92' lang='lat' dir='ltr'>talibus</span> <span class='ocrx_word' id='word_1_196' title='bbox 457 2483 694 2532; x_wconf 90' lang='lat' dir='ltr'>attonitus</span> <span class='ocrx_word' id='word_1_197' title='bbox 730 2483 845 2531; x_wconf 88' lang='lat' dir='ltr'>visis</span> <span class='ocrx_word' id='word_1_198' title='bbox 882 2492 931 2531; x_wconf 90' lang='lat' dir='ltr'>et</span> <span class='ocrx_word' id='word_1_199' title='bbox 966 2499 1090 2532; x_wconf 89' lang='lat' dir='ltr'>voce</span> <span class='ocrx_word' id='word_1_200' title='bbox 1127 2484 1336 2531; x_wconf 91' lang='lat' dir='ltr'>deorum</span> 
     </span>
     <span class='ocr_line' id='line_1_30' title="bbox 242 2562 1685 2629; baseline -0.003 -16"><span class='ocrx_word' id='word_1_201' title='bbox 242 2564 355 2629; x_wconf 92' lang='lat' dir='ltr'>(nec</span> <span class='ocrx_word' id='word_1_202' title='bbox 393 2581 541 2627; x_wconf 91' lang='lat' dir='ltr'>sopor</span> <span class='ocrx_word' id='word_1_203' title='bbox 576 2564 698 2612; x_wconf 91' lang='lat' dir='ltr'>illud</span> <span class='ocrx_word' id='word_1_204' title='bbox 735 2573 850 2624; x_wconf 90' lang='lat' dir='ltr'>erat,</span> <span class='ocrx_word' id='word_1_205' title='bbox 891 2565 980 2613; x_wconf 91' lang='lat' dir='ltr'>sed</span> <span class='ocrx_word' id='word_1_206' title='bbox 1017 2562 1183 2612; x_wconf 89' lang='lat' dir='ltr'>coram</span> <span class='ocrx_word' id='word_1_207' title='bbox 1220 2579 1487 2627; x_wconf 89' lang='lat' dir='ltr'>agnoscere</span> <span class='ocrx_word' id='word_1_208' title='bbox 1522 2562 1685 2610; x_wconf 88' lang='lat' dir='ltr'>vultus</span> 
     </span>
     <span class='ocr_line' id='line_1_31' title="bbox 238 2643 1537 2708; baseline -0.002 -15"><span class='ocrx_word' id='word_1_209' title='bbox 238 2647 522 2708; x_wconf 89' lang='lat' dir='ltr'>velatasque</span> <span class='ocrx_word' id='word_1_210' title='bbox 559 2661 729 2693; x_wconf 89' lang='lat' dir='ltr'>comas</span> <span class='ocrx_word' id='word_1_211' title='bbox 766 2644 1144 2708; x_wconf 90' lang='lat' dir='ltr'>praesentiaque</span> <span class='ocrx_word' id='word_1_212' title='bbox 1181 2661 1266 2692; x_wconf 89' lang='lat' dir='ltr'>ora</span> <span class='ocrx_word' id='word_1_213' title='bbox 1300 2643 1504 2692; x_wconf 91' lang='lat' dir='ltr'>videbar</span> <span class='ocrx_word' id='word_1_214' title='bbox 1523 2661 1537 2703; x_wconf 90' lang='lat'><em>3</em></span> 
     </span>
     <span class='ocr_line' id='line_1_32' title="bbox 239 2724 1910 2788; baseline -0.003 -14"><span class='ocrx_word' id='word_1_215' title='bbox 239 2734 345 2774; x_wconf 89' lang='lat' dir='ltr'>tum</span> <span class='ocrx_word' id='word_1_216' title='bbox 382 2725 573 2788; x_wconf 90' lang='lat' dir='ltr'>gelidus</span> <span class='ocrx_word' id='word_1_217' title='bbox 610 2734 716 2774; x_wconf 92' lang='lat' dir='ltr'>toto</span> <span class='ocrx_word' id='word_1_218' title='bbox 754 2726 988 2774; x_wconf 90' lang='lat' dir='ltr'>manabat</span> <span class='ocrx_word' id='word_1_219' title='bbox 1026 2742 1231 2788; x_wconf 91' lang='lat' dir='ltr'>corpore</span> <span class='ocrx_word' id='word_1_220' title='bbox 1268 2724 1439 2788; x_wconf 87' lang='lat' dir='ltr'>sudor)</span> <span class='ocrx_word' id='word_1_221' title='bbox 1837 2741 1910 2784; x_wconf 86' lang='lat'>175</span> 
     </span>
    </p>
   </div>
   <div class='ocr_carea' id='block_1_3' title="bbox 238 2853 1915 3069">
    <p class='ocr_par' dir='ltr' id='par_1_3' title="bbox 238 2853 1915 3069">
     <span class='ocr_line' id='line_1_33' title="bbox 297 2853 1915 2907; baseline -0.003 -12"><span class='ocrx_word' id='word_1_222' title='bbox 297 2868 484 2907; x_wconf 87' lang='lat'>145-175</span> <span class='ocrx_word' id='word_1_223' title='bbox 522 2856 650 2895; x_wconf 84' lang='lat' dir='ltr'>FMP</span> <span class='ocrx_word' id='word_1_224' title='bbox 898 2857 975 2905; x_wconf 89' lang='lat'>146</span> <span class='ocrx_word' id='word_1_225' title='bbox 1004 2856 1199 2905; x_wconf 85' lang='lat' dir='ltr'>temptari</span> <span class='ocrx_word' id='word_1_226' title='bbox 1235 2854 1305 2892; x_wconf 78' lang='grc' dir='ltr'>Μ’2</span> <span class='ocrx_word' id='word_1_227' title='bbox 1344 2854 1463 2894; x_wconf 80' lang='lat' dir='ltr'>Serv.</span> <span class='ocrx_word' id='word_1_228' title='bbox 1654 2863 1725 2902; x_wconf 90' lang='lat'>151</span> <span class='ocrx_word' id='word_1_229' title='bbox 1761 2853 1915 2891; x_wconf 82' lang='lat' dir='ltr'>mullos</span> 
     </span>
     <span class='ocr_line' id='line_1_34' title="bbox 238 2905 1914 2962; baseline -0.002 -13"><span class='ocrx_word' id='word_1_230' title='bbox 238 2911 445 2951; x_wconf 86' lang='lat' dir='ltr'>insomnis</span> <span class='ocrx_word' id='word_1_231' title='bbox 468 2912 606 2962; x_wconf 80' lang='lat' dir='ltr'>legisse</span> <span class='ocrx_word' id='word_1_232' title='bbox 625 2915 800 2950; x_wconf 81' lang='lat' dir='ltr'>testatur</span> <span class='ocrx_word' id='word_1_233' title='bbox 815 2909 946 2961; x_wconf 62' lang='lat' dir='ltr'>Serv„</span> <span class='ocrx_word' id='word_1_234' title='bbox 965 2910 1116 2962; x_wconf 84' lang='lat' dir='ltr'>probat</span> <span class='ocrx_word' id='word_1_235' title='bbox 1133 2909 1270 2960; x_wconf 77' lang='lat' dir='ltr'>Spitta</span> <span class='ocrx_word' id='word_1_236' title='bbox 1387 2921 1463 2959; x_wconf 86' lang='lat'>152</span> <span class='ocrx_word' id='word_1_237' title='bbox 1485 2909 1671 2946; x_wconf 81' lang='lat' dir='ltr'>incertas</span> <span class='ocrx_word' id='word_1_238' title='bbox 1691 2905 1914 2946; x_wconf 83' lang='lat' dir='ltr'>Manutius</span> 
     </span>
     <span class='ocr_line' id='line_1_35' title="bbox 241 2960 1906 3015; baseline -0.002 -11"><span class='ocrx_word' id='word_1_239' title='bbox 241 2978 317 3015; x_wconf 84' lang='lat'>153</span> <span class='ocrx_word' id='word_1_240' title='bbox 338 2966 382 3004; x_wconf 79' lang='lat' dir='ltr'>in</span> <span class='ocrx_word' id='word_1_241' title='bbox 398 2967 541 3005; x_wconf 81' lang='lat' dir='ltr'>multis</span> <span class='ocrx_word' id='word_1_242' title='bbox 553 2967 681 3004; x_wconf 83' lang='lat' dir='ltr'>deesse</span> <span class='ocrx_word' id='word_1_243' title='bbox 699 2966 792 3003; x_wconf 81' lang='lat' dir='ltr'>dicit</span> <span class='ocrx_word' id='word_1_244' title='bbox 803 2965 856 3004; x_wconf 91' lang='lat' dir='ltr'>D.</span> <span class='ocrx_word' id='word_1_245' title='bbox 875 2965 989 3004; x_wconf 84' lang='lat' dir='ltr'>Serv.</span> <span class='ocrx_word' id='word_1_246' title='bbox 1120 2977 1194 3014; x_wconf 89' lang='lat'>157</span> <span class='ocrx_word' id='word_1_247' title='bbox 1225 2964 1409 3014; x_wconf 87' lang='lat' dir='ltr'>permesi</span> <span class='ocrx_word' id='word_1_248' title='bbox 1440 2962 1494 3000; x_wconf 91' lang='lat' dir='ltr'><em>M</em></span> <span class='ocrx_word' id='word_1_249' title='bbox 1496 2962 1508 2984; x_wconf 83' lang='lat'><strong>¹</strong></span> <span class='ocrx_word' id='word_1_250' title='bbox 1522 2962 1708 3013; x_wconf 81' lang='lat' dir='ltr'>agnoscit</span> <span class='ocrx_word' id='word_1_251' title='bbox 1721 2961 1775 3002; x_wconf 92' lang='lat' dir='ltr'>D.</span> <span class='ocrx_word' id='word_1_252' title='bbox 1792 2960 1906 3001; x_wconf 82' lang='lat' dir='ltr'>Serv.</span> 
     </span>
     <span class='ocr_line' id='line_1_36' title="bbox 241 3014 1828 3069; baseline -0.003 -10"><span class='ocrx_word' id='word_1_253' title='bbox 241 3023 318 3059; x_wconf 90' lang='lat'>166</span> <span class='ocrx_word' id='word_1_254' title='bbox 350 3022 525 3060; x_wconf 87' lang='lat' dir='ltr'>duxisse</span> <span class='ocrx_word' id='word_1_255' title='bbox 545 3021 587 3058; x_wconf 84' lang='lat' dir='ltr'><em>F</em></span> <span class='ocrx_word' id='word_1_256' title='bbox 694 3033 771 3069; x_wconf 92' lang='lat'>170</span> <span class='ocrx_word' id='word_1_257' title='bbox 801 3020 993 3068; x_wconf 88' lang='lat' dir='ltr'>requiras</span> <span class='ocrx_word' id='word_1_258' title='bbox 1013 3032 1038 3057; x_wconf 82' lang='lat' dir='ltr'>a</span> <span class='ocrx_word' id='word_1_259' title='bbox 1057 3033 1064 3057; x_wconf 93' lang='lat'><strong>:</strong></span> <span class='ocrx_word' id='word_1_260' title='bbox 1097 3019 1320 3068; x_wconf 78' lang='lat' dir='ltr'>require-n·</span> <span class='ocrx_word' id='word_1_261' title='bbox 1435 3029 1509 3066; x_wconf 91' lang='lat'>174</span> <span class='ocrx_word' id='word_1_262' title='bbox 1539 3016 1735 3055; x_wconf 80' lang='lat' dir='ltr'>videbam</span> <span class='ocrx_word' id='word_1_263' title='bbox 1757 3014 1828 3054; x_wconf 72' lang='lat' dir='ltr'>ML</span> 
     </span>
    </p>
   </div>
  </div>
 </body>
</html>
