2020 3372
260 147 312 194 P.
352 147 651 194 VERGILI
693 146 1020 195 MARONIS

258 2413 318 2452 M.

361 285 401 334 si
437 285 558 334 mihi
594 302 697 334 non
734 287 857 334 haec
894 287 976 333 lux
1012 293 1118 333 toto
1154 284 1254 333 iam
1290 284 1482 348 longior
1517 301 1650 334 anno
1686 292 1773 334 est.

360 366 426 415 ite
462 368 671 415 domum
707 366 848 429 pasti,
888 365 928 414 si
966 365 1075 429 quis
1112 367 1287 429 pudor,
1326 365 1393 414 ite
1429 365 1637 414 iuvenci.

429 448 654 497 Muscosi
689 450 851 497 fontes
889 457 936 496 et
973 464 1153 496 somno
1191 446 1387 496 mollior
1422 448 1588 506 herba,
1881 466 1933 507 45

360 539 409 579 et
445 547 573 593 quae
609 547 697 579 vos
733 547 839 578 rara
874 529 1041 579 viridis
1078 529 1196 592 tegit
1232 530 1435 578 arbutus
1472 529 1661 587 umbra,
1851 525 1858 531 ’

361 611 626 661 solstitium
662 611 830 676 pecori
867 611 1149 661 defendite:
1198 611 1297 660 iam
1333 611 1467 660 venit
1502 620 1661 660 aestas

361 693 557 754 torrida,
597 693 695 742 iam
733 696 869 743 lento
907 703 1102 757 turgent
1138 693 1189 741 in
1226 693 1430 756 palmite
1465 710 1705 756 gemmae.

362 775 464 824 Hic
500 778 640 824 focus
678 785 727 824 et
763 778 938 825 taedae
975 776 1196 840 pingues,
1235 775 1317 824 hic
1355 774 1593 839 plurimus
1630 773 1754 838 ignis

362 875 571 921 semper,
611 868 660 907 et
695 858 908 907 adsidua
943 868 1111 921 postes
1147 858 1351 921 fuligine
1388 857 1524 921 nigri.
1885 876 1938 916 50

360 939 441 988 hic
478 949 672 988 tantum
710 943 900 989 Boreae
937 957 1166 988 curamus
1203 939 1380 1002 frigora
1417 948 1658 1002 quantum

360 1030 445 1070 aut
481 1038 745 1070 numerum
781 1023 927 1085 lupus
964 1030 1049 1070 aut
1084 1020 1319 1069 torrentia
1354 1019 1559 1068 flumina
1595 1019 1739 1082 ripas.

429 1105 570 1152 Stant
606 1112 656 1151 et
691 1102 903 1166 iuniperi
940 1112 989 1151 et
1025 1111 1286 1151 castaneae
1322 1101 1552 1159 hirsutae,

361 1194 510 1234 strata
544 1185 709 1234 iacent
744 1184 929 1248 passim
967 1201 1056 1233 sua
1091 1201 1319 1247 quaeque
1357 1184 1449 1232 sub
1485 1183 1659 1230 arbore
1695 1196 1860 1245 poma,

362 1266 530 1316 omnia
566 1283 700 1315 nunc
736 1266 919 1315 rident.
958 1275 1008 1314 at
1045 1265 1085 1314 si
1121 1268 1366 1314 formosus
1402 1264 1570 1313 Alexis
1885 1283 1935 1323 55

361 1347 616 1397 montibus
654 1347 731 1396 his
767 1348 927 1407 abeat,
963 1347 1132 1396 videas
1171 1356 1218 1395 et
1254 1345 1460 1395 flumina
1496 1345 1638 1394 sicca.

361 1433 483 1478 Aret
518 1446 632 1493 ager
648 1448 661 1490 ;
703 1428 823 1478 vitio
861 1428 1076 1477 moriens
1115 1427 1214 1477 sitit
1250 1427 1374 1476 aeris
1411 1427 1565 1475 herba
1582 1445 1595 1487 ;

362 1511 511 1561 Liber
546 1511 836 1575 pampineas
874 1510 1050 1560 invidit
1086 1510 1296 1559 collibus
1333 1510 1562 1559 umbras:

364 1592 603 1655 Phyllidis
640 1595 859 1642 adventu
896 1601 1093 1641 nostrae
1130 1608 1306 1640 nemus
1344 1608 1493 1639 omne
1529 1589 1717 1650 virebit,

364 1674 587 1738 Iuppiter
623 1685 671 1724 et
707 1677 837 1724 laeto
875 1676 1147 1724 descendet
1183 1673 1423 1737 plurimus
1459 1672 1623 1721 imbri..
1885 1679 1940 1735 ῥα

430 1759 651 1820 Populus
689 1756 898 1806 Alcidae
935 1756 1222 1820 gratissima,
1258 1754 1368 1803 vitis
1408 1756 1607 1814 Iaccho,

362 1839 608 1887 formosae
645 1848 830 1901 myrtus
860 1837 1059 1897 Veneri,
1099 1854 1187 1886 sua
1223 1838 1388 1884 laurea
1425 1835 1633 1884 Phoebo
1651 1853 1665 1895 3

362 1919 545 1981 Phyllis
582 1929 715 1968 amat
752 1921 944 1982 corylos
963 1937 976 1979 3
1018 1918 1124 1967 illas
1162 1919 1284 1967 dum
1322 1916 1506 1980 Phyllis
1542 1916 1742 1976 amabit,

361 2016 453 2048 nec
490 2010 674 2063 myrtus
711 2000 876 2049 vincet
913 2002 1119 2062 corylos,
1159 2016 1252 2047 nec
1289 2001 1454 2047 laurea
1491 1996 1695 2046 Phoebi.
1931 2059 1934 2061 -

362 2082 599 2132 Fraxinus
636 2083 686 2131 in
724 2083 856 2132 silvis
893 2082 1236 2147 pulcherrima,
1276 2081 1422 2146 pinus
1458 2081 1509 2130 in
1545 2080 1714 2140 hortis,
1886 2088 1936 2140 65

360 2166 572 2226 populus
610 2163 661 2211 in
698 2164 872 2224 fluviis,
913 2163 1049 2213 abies
1087 2163 1138 2212 in
1176 2163 1430 2212 montibus
1468 2162 1578 2211 altis
1596 2180 1609 2222 ;

362 2244 556 2308 saepius
593 2255 643 2294 at
680 2245 720 2294 si
757 2263 851 2306 me,
890 2245 1079 2309 Lycida
1114 2247 1343 2305 formose,
1383 2244 1578 2304 revisas,

361 2326 575 2375 fraxinus
612 2327 664 2375 in
702 2327 834 2376 silvis
872 2329 1019 2376 cedat
1055 2326 1160 2387 tibi,
1199 2326 1346 2390 pinus
1383 2326 1434 2374 in
1471 2325 1637 2375 hortis.

431 2409 575 2457 Haec
596 2408 815 2469 memini,
835 2418 883 2458 et
902 2409 1089 2458 victum
1109 2411 1285 2458 frustra
1304 2410 1606 2457 contendere
1622 2406 1865 2471 Thyrsim.

360 2506 419 2537 ex
455 2488 538 2538 illo
576 2491 813 2553 Corydon
851 2492 1088 2555 Corydon
1125 2500 1198 2540 est
1235 2500 1457 2554 tempore
1494 2489 1651 2539 nobis,
1889 2506 1938 2549 70

313 2631 455 2682 43—7o
484 2619 576 2659 MP
804 2623 857 2670 48
893 2622 1007 2660 laeto
1047 2620 1221 2671 M17abc
1396 2632 1449 2670 54
1479 2633 1646 2670 quaque
1687 2618 1747 2658 bc²
1769 2619 1936 2671 Bentley

259 2674 313 2722 56
342 2674 477 2713 aberit
497 2674 538 2713 P
701 2677 754 2714 68
786 2677 910 2715 cedet
929 2675 1036 2728 ΡγΙ)2
1055 2675 1170 2715 Serv.
1194 2675 1313 2715 schol.
1337 2675 1461 2716 Bern.
