2014 3372
231 147 282 194 P.
323 147 622 195 VERGILI
663 147 991 196 MARONIS

227 304 636 352 aequaevumque
671 287 735 336 ab
771 288 927 336 humo
965 286 1202 336 miserans
1237 286 1417 336 attollit
1451 286 1708 336 amicum·

227 380 278 420 at
313 388 416 420 non
453 372 671 418 tardatus
692 385 826 417 vcasu
863 385 1028 432 neque
1065 368 1259 418 territus
1296 370 1442 417 heros

228 452 386 501 acrior
421 453 485 500 ad
521 467 739 514 pugnam
777 450 903 499 redit
939 467 998 499 ac
1034 450 1135 499 vim
1172 450 1375 499 suscitat
1410 450 1481 498 ira
1498 468 1511 511 3

232 543 338 583 turn
375 535 536 597 pudor
572 532 795 582 incendit
831 532 944 581 viris
982 542 1031 582 et
1066 533 1268 582 conscia
1303 532 1468 593 virtus,
1828 553 1907 595 455

229 615 652 678 praecipitemque
690 617 859 663 Daren
895 617 1074 664 ardens
1111 614 1211 677 agit
1246 631 1462 677 aequore
1498 623 1605 663 toto

231 714 364 746 nunc
401 698 571 746 dextra
605 696 919 761 ingeminans
956 696 1096 755 ictus,
1138 713 1271 744 nunc
1308 696 1390 745 ille
1427 695 1635 744 sinistra.

231 796 324 828 nec
363 795 500 827 mora
537 795 630 827 nec
666 777 893 842 requies:
943 795 1095 841 quam
1132 779 1288 825 multa
1323 776 1564 841 grandine
1600 775 1759 826 nimbi

230 859 531 910 culminibus
569 859 823 923 crepitant,
864 859 934 908 sic
971 858 1138 908 densis
1175 858 1355 907 ictibus
1393 860 1539 906 heros

231 942 402 990 creber
438 950 645 1004 utraque
682 958 834 989 manu
872 942 1034 1004 pulsat
1070 948 1332 1002 versatque
1370 941 1568 987 Dareta.
1829 946 1912 999 460

304 1026 437 1071 Tum
475 1031 613 1086 pater
648 1025 846 1071 Aeneas
883 1023 1154 1086 procedere
1190 1020 1385 1084 longius
1422 1020 1516 1069 iras

231 1114 280 1153 et
318 1103 503 1152 saevire
539 1103 717 1152 animis
759 1105 1014 1152 Entellum
1052 1104 1187 1151 haud
1224 1118 1398 1164 passus
1434 1100 1636 1160 acerbis,

230 1186 320 1234 sed
356 1186 508 1233 finem
544 1184 780 1248 imposuit
818 1201 1013 1247 pugnae
1050 1186 1337 1245 fessumque
1375 1184 1560 1230 Dareta

231 1267 409 1330 eripuit
446 1267 670 1314 mulcens
709 1265 853 1314 dictis
891 1282 950 1313 ac
988 1264 1103 1313 talia
1140 1266 1298 1312 fatur:

234 1348 440 1408 ‘infelix,
482 1365 610 1412 quae
647 1357 784 1396 tanta
820 1346 1043 1396 animum
1082 1345 1335 1395 dementia
1370 1344 1539 1408 cepit?
1830 1352 1910 1405 465

232 1447 335 1479 non
371 1429 484 1478 viris
520 1429 639 1478 alias
679 1444 1016 1491 conversaque
1054 1426 1262 1476 numina
1297 1426 1449 1475 sentis
1468 1429 1490 1474 ?

233 1512 358 1561 cede
395 1512 523 1560 deo.'
595 1509 816 1572 dixitque
855 1518 903 1558 et
940 1508 1128 1571 proelia
1164 1524 1287 1556 voce
1325 1506 1535 1556 diremit.

231 1603 307 1642 ast
343 1592 482 1640 illum
520 1591 607 1641 fidi
643 1593 876 1655 aequales
914 1607 1076 1654 genua
1113 1606 1256 1653 aegra
1295 1591 1573 1637 trahentem

232 1674 601 1736 iactantemque
639 1682 849 1736 utroque
888 1682 1036 1735 caput
1075 1688 1396 1734 crassumque
1435 1686 1660 1719 cruorem

233 1774 318 1806 ore
355 1756 650 1805 eiectantem
688 1754 967 1817 mixtosque
1005 1753 1055 1801 in
1094 1752 1333 1816 sanguine
1369 1754 1544 1802 dentes
1831 1768 1915 1812 470

234 1842 426 1888 ducunt
462 1838 526 1886 ad
563 1836 700 1884 navis
719 1855 732 1896 ,-
780 1838 1072 1899 galeamque
1110 1851 1383 1897 ensemque
1418 1833 1582 1882 vocati

233 1923 496 1987 accipiunt,
539 1924 756 1985 palmam
796 1922 996 1969 Entello
1035 1929 1331 1983 taurumque
1369 1917 1665 1980 relinquunt.

234 2006 316 2054 hic
352 2006 507 2054 victor
543 2020 780 2067 superans
818 2002 995 2051 animis
1035 2011 1277 2064 tauroque
1316 2001 1556 2063 superbus

240 2092 383 2135 ‘nate
421 2088 527 2145 dea,
568 2101 757 2148 vosque
794 2086 949 2133 haec'
987 2083 1148 2146 inquit
1191 2081 1521 2145 ‘cognoscite‚
1549 2078 1743 2139 Teucri,

236 2178 284 2217 et
323 2167 444 2216 mihi
481 2184 607 2231 quae
644 2166 825 2215 fuerint
862 2165 1077 2214 iuvenali
1114 2165 1166 2213 in
1204 2180 1410 2227 corpore
1446 2162 1571 2211 vires
1833 2180 1912 2221 475

236 2260 284 2299 et
322 2267 420 2313 qua
455 2248 655 2298 servetis
692 2258 977 2297 revocatum
1015 2265 1044 2296 a
1084 2256 1241 2296 morte
1281 2247 1494 2294 Dareta.'

236 2333 370 2393 dixit,
412 2342 460 2382 et
495 2331 687 2382 adversi
724 2341 896 2380 contra
933 2330 1066 2379 stetit
1102 2347 1188 2379 ora
1223 2328 1417 2378 iuvenci

238 2416 323 2480 qui
360 2417 550 2465 donum
587 2415 777 2463 astabat
814 2430 1023 2477 pugnae,
1064 2415 1315 2475 durosque
1350 2412 1555 2459 reducta

238 2497 430 2546 libravit
467 2499 636 2545 dextra
673 2495 838 2545 media
875 2496 1002 2544 inter
1039 2511 1226 2544 cornua
1262 2502 1455 2542 caestus

238 2581 434 2637 arduus,
475 2579 776 2640 effractoque
814 2576 965 2625 inlisit
1002 2576 1053 2624 in
1092 2592 1203 2624 ossa
1240 2575 1475 2623 cerebro:
1833 2579 1915 2631 480

241 2659 470 2709 sternitur
507 2658 844 2721 exanimisque
884 2667 1099 2706 tremens
1138 2655 1421 2720 procumbit
1458 2652 1599 2702 humi
1634 2652 1739 2702 bos.

240 2742 321 2790 ille
359 2758 504 2805 super
540 2740 648 2789 talis
687 2739 895 2789 effundit
932 2747 1132 2803 pectore
1167 2753 1348 2786 voces:

296 2873 488 2922 452-482
511 2868 689 2909 MPRV
929 2881 1007 2918 457
1039 2865 1131 2918 ille]
1161 2866 1315 2905 deinde
1337 2864 1432 2903 Mm
1596 2874 1678 2910 470
1704 2872 1781 2899 ore
1805 2858 1916 2899 eiec-

243 2933 405 2966 tantem
425 2925 537 2977 P71:
570 2938 645 2965 ore
663 2925 890 2964 iectantem
913 2922 1021 2962 Mel:
1053 2934 1129 2961 ore
1143 2919 1450 2960 iactantemR:
1482 2928 1557 2956 ore
1571 2916 1849 2954 reiectantem
1868 2912 1916 2965 γ’

244 2993 325 3030 473
355 2981 497 3019 animo
524 2979 563 3017 V
721 2992 800 3028 477
831 2978 973 3017 aversi
993 2976 1086 3028 P7b
1251 2975 1333 3024 480
1362 2973 1406 3011 in
1427 2984 1507 3011 om.
1530 2969 1573 3008 R
1596 2969 1800 3020 Gathling
