2046 3380
1235 182 1658 233 GEORGICON
1695 183 1779 230 111

186 318 336 368 Disce
372 329 420 368 et
455 321 712 369 odoratam
748 320 953 369 stabulis
984 323 1258 370 accendere
1292 324 1509 382 cedrum,

115 401 459 464 galbaneoque
493 400 676 464 agitare
710 401 868 464 gravis
903 401 1078 451 nidore
1114 404 1386 465 chelydros.
1700 423 1779 463 415

116 498 263 544 saepe
299 483 392 530 sub
428 481 646 531 immotis
681 482 999 546 praesepibus
1036 493 1122 532 aut
1156 486 1285 532 mala
1321 493 1454 532 tactu

115 562 281 625 vipera
316 562 509 611 delituit
545 565 837 626 caelumque
873 564 1097 613 exterrita
1132 564 1267 627 fugit,

115 653 200 691 aut
237 652 368 692 tecto
404 645 640 692 adsuetus
677 645 884 693 coluber
920 647 1186 694 succedere
1222 655 1271 694 et
1306 647 1511 695 umbrae

118 723 289 787 (pestis
325 725 502 773 acerba
538 725 716 790 boum)
752 725 1021 789 pecorique
1054 743 1311 789 aspergere
1346 726 1492 787 virus,

115 804 236 853 fovit
260 806 480 854 humum.
510 822 632 869 cape
657 823 772 855 saxa
797 824 962 867 manu,
990 823 1114 870 cape
1136 809 1328 868 robora,
1354 818 1534 871 pastor,
1702 829 1781 869 420

116 887 472 949 tollentemque
508 886 667 935 minas
704 897 752 936 et
788 887 931 936 sibila
967 890 1094 936 colla
1129 898 1403 937 tumentem

116 963 268 1016 deice.
333 966 532 1030 iamque
567 970 681 1032 fuga
716 968 947 1017 timidum
983 979 1132 1033 caput
1167 970 1361 1019 abdidit
1395 972 1509 1030 alte,

116 1064 230 1096 cum
267 1048 419 1097 medii
454 1066 607 1098 nexus
645 1060 990 1114 extremaeque
1024 1050 1221 1114 agmina
1256 1054 1445 1101 caudae

116 1130 384 1188 solvuntur,
424 1131 690 1194 tardosque
725 1131 872 1179 trahit
908 1131 1043 1180 sinus
1079 1132 1281 1181 ultimus
1318 1132 1462 1181 orbis.

115 1219 189 1258 est
226 1209 374 1258 etiam
409 1210 491 1259 ille
526 1213 684 1260 malus
722 1212 945 1262 Calabris
980 1213 1032 1261 in
1068 1213 1272 1262 saltibus
1309 1213 1481 1276 anguis
1698 1234 1779 1274 425

115 1307 352 1353 squamea
387 1294 686 1340 convolvens
723 1293 917 1341 sublato
953 1303 1154 1356 pectore
1188 1303 1322 1357 terga

114 1382 264 1434 atque
300 1372 431 1421 notis
466 1376 665 1436 longam
702 1377 984 1423 maculosus
1018 1375 1286 1438 grandibus
1327 1378 1507 1436 alvum,

115 1453 214 1516 qui,
254 1455 375 1502 dum
411 1471 583 1503 amnes
618 1455 705 1503 ulli
741 1465 1036 1519 rumpuntur
1070 1456 1290 1506 fontibus
1327 1467 1375 1506 et
1411 1459 1531 1506 dum

115 1551 228 1583 vere
264 1536 467 1583 madent
503 1537 606 1584 udo
641 1546 796 1585 terrae
831 1554 889 1585 ac
924 1537 1220 1600 pluvialibus
1255 1538 1462 1598 Austris,

115 1624 286 1678 stagna
322 1615 438 1664 colit
474 1616 691 1679 ripisque
726 1617 956 1666 habitans
990 1618 1072 1667 hic
1107 1618 1325 1681 piscibus
1360 1628 1516 1667 atram
1699 1639 1780 1679 430

116 1695 371 1758 improbus
409 1697 676 1760 ingluviem
713 1698 944 1762 ranisque
979 1699 1272 1762 loquacibus
1309 1702 1506 1762 explet3

115 1786 382 1839 postquam
419 1788 590 1827 exusta
624 1781 779 1841 palus,
818 1789 1074 1842 terraeque
1108 1781 1284 1830 ardore
1320 1781 1592 1843 dehiscunt,

114 1857 271 1905 exsilit
306 1857 358 1904 in
394 1858 593 1919 siccum,
634 1869 682 1908 et
717 1861 1022 1910 flammantia
1051 1860 1242 1910 lumina
1276 1871 1510 1924 torquens

115 1937 267 1985 saevit
307 1938 432 2001 agris
467 1956 718 2003 asperquev
745 1941 825 1990 siti
858 1951 1009 2005 atque
1044 1943 1297 1992 exterritus
1331 1951 1484 1991 aestu.

115 2034 180 2066 ne
215 2017 335 2065 mihi
371 2028 477 2067 tum
514 2020 676 2069 mollis
712 2022 806 2070 sub
842 2021 960 2071 divo
995 2039 1194 2085 carpere
1230 2040 1432 2071 somnos
1547 2068 1549 2070 ,
1697 2044 1776 2084 435

116 2114 213 2145 neu
250 2099 399 2146 dorso
434 2100 650 2148 nemoris
685 2101 836 2150 libeat
871 2102 1080 2151 iacuisse
1114 2119 1201 2164 per
1234 2104 1426 2162 herbas,

116 2195 230 2226 cum
267 2179 438 2241 positis
474 2197 632 2229 novus
669 2181 853 2230 exuviis
889 2182 1174 2245 nitidusque
1209 2182 1408 2232 iuventa

115 2258 336 2318 volvitur,
375 2269 459 2308 aut
496 2263 686 2310 catulos
723 2262 864 2311 tectis
900 2272 985 2311 aut
1022 2280 1115 2312 ova
1149 2263 1445 2327 relinquens,

115 2340 298 2388 arduus
333 2341 398 2388 ad
435 2343 605 2401 solem,
645 2352 694 2391 et
729 2342 908 2407 linguis
945 2343 1094 2393 micat
1130 2361 1214 2393 ore
1249 2344 1471 2394 trisulcis.

186 2421 480 2470 Morborum
516 2439 717 2486 quoque
752 2434 801 2473 te
837 2442 1009 2473 causas
1046 2435 1094 2474 et
1130 2425 1268 2488 signa
1303 2427 1512 2475 docebo.
1698 2449 1780 2487 440

117 2500 271 2562 turpis
308 2501 412 2550 ovis
448 2512 656 2566 temptat
692 2505 895 2564 scabies,
936 2505 1023 2553 ubi
1058 2505 1260 2568 frigidus
1296 2506 1454 2555 imber

114 2580 260 2629 altius
295 2583 360 2630 ad
395 2582 560 2631 vivum
596 2585 812 2646 persedit
848 2595 896 2634 et
932 2585 1130 2635 horrida
1164 2603 1291 2635 cano

116 2661 292 2709 bruma
326 2665 451 2724 gelu,
489 2666 566 2711 vel
603 2681 717 2712 cum
754 2665 908 2714 tonsis
945 2666 1128 2715 inlotus
1163 2667 1386 2715 adhaesit

172 2802 362 2839 414-443
402 2789 532 2828 MPR
756 2805 833 2841 415
865 2794 1093 2842 galbaneos
1133 2793 1184 2831 M
1309 2795 1423 2843 gravi
1461 2796 1623 2833 Nonius
1661 2796 1778 2835 Serv.

116 2845 197 2891 416
225 2844 381 2892 ignotis
401 2844 444 2881 R
607 2859 686 2894 422
716 2860 898 2896 namque
917 2847 979 2887 P:
1009 2861 1186 2897 cumque
1208 2846 1261 2884 Μ
1264 2847 1279 2869 ²
1443 2862 1522 2897 423
1551 2851 1718 2898 agmine
1738 2851 1781 2888 R

117 2898 196 2944 426
225 2899 303 2936 sub
323 2897 407 2937 lato
422 2897 465 2935 R
561 2901 793 2950 corporeP
930 2914 1012 2950 430
1041 2902 1129 2952 hic]
1153 2902 1231 2940 sibi
1253 2903 1416 2940 mavult
1431 2903 1613 2954 Ribbeck,
1631 2905 1782 2956 probat

116 2951 292 2990 Klouzek
438 2965 518 3001 433
548 2954 652 2991 exiit
671 2954 767 3002 ybc:
800 2956 951 2994 extulit
971 2954 1024 2992 M
1150 2968 1229 3005 434
1260 2958 1473 2997 exercitus
1494 2956 1548 2994 M
1550 2957 1566 2980 ²
1695 2971 1775 3009 435

116 3017 173 3043 ne
192 3004 319 3044 PRbc
335 3006 617 3057 Quintilianus
634 3008 753 3047 schol.
772 3008 897 3048 Bern.
915 3022 925 3047 t
954 3021 1034 3047 nec
1049 3008 1128 3061 Μγ

1608 3084 1662 3127 6*
