2014 3372
1317 175 1679 225 AENEIDOS
1715 176 1791 223 VI
1805 219 1807 221 ,

194 317 447 368 Continuo
482 315 682 365 auditae
717 331 865 365 voces
901 314 1092 378 vagitus
1127 324 1176 363 et
1211 314 1385 378 ingens

123 398 470 461 infantumque
503 397 699 447 animae
735 399 924 456 flentes,
964 396 1016 445 in
1052 396 1224 445 limine
1260 396 1420 460 primo

123 498 250 544 quos
287 480 445 530 dulcis
480 480 609 529 vitae
644 479 849 529 exsortis
885 489 934 529 et
969 480 1035 528 ab
1070 480 1222 528 ubere
1258 488 1424 542 raptos

122 562 325 611 abstulit
358 572 462 611 atra
498 562 603 612 dies
639 572 689 611 et
723 564 894 611 funere
930 561 1098 610 mersit
1132 562 1327 610 acerbo.

124 644 215 692 hos
251 643 385 691 iuxta
419 645 543 692 falso
580 641 803 693 damnati
838 642 1044 691 crimine
1081 642 1265 691 mortis.
1628 673 1631 677 <
1714 663 1795 702 430

123 740 217 772 nec
252 741 368 772 vero
404 726 498 772 hae
535 723 641 772 sine
678 732 808 771 sorte
845 724 1003 782 datae,
1042 722 1149 771 sine
1192 722 1372 782 iudice,
1412 724 1589 772 sedes:

123 804 372 867 quaesitor
408 804 578 852 Minos
614 821 789 852 urnam
826 813 993 852 movet
1009 822 1024 864 3
1070 803 1152 852 ille
1189 804 1422 853 silentum

123 879 490 948 conciliumque
525 894 670 934 vocat
704 884 927 948 vitasque
963 894 1012 933 et
1048 885 1254 933 crimina
1288 885 1446 934 discit.

123 966 344 1029 proxima
380 966 564 1016 deinde
599 975 771 1015 tenent
806 966 980 1015 maesti
1016 968 1139 1025 loca,
1178 966 1264 1029 qui
1299 966 1395 1015 sibi
1430 968 1586 1015 letum

122 1047 344 1096 insontes
379 1064 613 1110 peperere
650 1065 802 1096 manu
838 1049 1101 1110 lucemque
1136 1046 1300 1110 perosi
1715 1067 1794 1108 435

123 1129 373 1191 proiecere
407 1128 609 1177 animas.
684 1146 835 1192 quam
870 1130 1053 1177 vellent
1087 1130 1286 1177 aethere
1321 1129 1373 1177 in
1409 1131 1510 1177 alto

124 1227 258 1258 nunc
293 1219 342 1259 et
377 1210 664 1273 pauperiem
701 1219 749 1258 et
786 1211 936 1258 duros
972 1212 1184 1273 perferre
1219 1210 1449 1259 labores!

122 1292 195 1339 fas
232 1291 410 1350 obstat,
449 1290 698 1353 tristisque
734 1293 874 1354 palus
911 1290 1190 1339 inamabilis
1227 1291 1392 1340 undae

120 1373 286 1436 alligat
322 1382 371 1421 et
407 1372 576 1421 novies
615 1375 731 1435 Styx
767 1372 1002 1421 interfusa
1039 1381 1247 1421 coercet.

123 1470 216 1502 nec
251 1456 423 1516 procul
459 1453 576 1502 hinc
612 1463 802 1516 partem
838 1453 933 1502 fusi
970 1462 1305 1502 monstrantur
1339 1453 1391 1501 in
1428 1470 1633 1503 omnem
1714 1476 1795 1515 440

122 1537 344 1600 lugentes
382 1535 544 1598 campi
561 1554 575 1596 3
623 1535 694 1583 sic
729 1535 839 1584 illos
875 1534 1080 1584 nomine
1115 1534 1302 1584 dicunt.

122 1616 203 1664 hic
240 1633 365 1680 quos
402 1618 552 1665 durus
588 1633 729 1665 amor
765 1615 952 1665 crudeli
989 1616 1103 1664 tabe
1138 1615 1330 1678 peredit

122 1697 295 1745 secreti
332 1700 494 1746 celant
530 1699 677 1746 calles
715 1706 763 1745 et
800 1706 987 1759 myrtea
1023 1697 1210 1745 circum

122 1778 243 1827 silva
278 1778 430 1841 tegit3
477 1796 622 1827 curae
659 1796 762 1827 non
798 1778 905 1840 ipsa
940 1778 991 1826 in
1028 1788 1186 1827 morte
1221 1778 1519 1842 relinquunt.

122 1859 197 1908 his
224 1861 501 1908 Phaedram
527 1859 847 1922 Procrimque
872 1859 994 1907 locis
1020 1868 1362 1922 maestamque
1388 1859 1658 1922 Eriphylen
1711 1881 1790 1921 445

122 1940 333 1990 crudelis
370 1939 472 1987 nati
509 1949 866 1988 monstrantem
903 1942 1106 1988 vulnera
1140 1939 1310 1999 cernit,

123 2024 470 2085 Euadnenque
507 2031 554 2070 et
592 2021 870 2084 Pasiphaen
888 2040 901 2081 3
937 2021 1013 2069 his
1052 2021 1325 2069 Laodamia

122 2104 158 2152 it
194 2120 362 2153 comes
399 2112 447 2152 et
483 2102 672 2151 iuvenis
709 2104 981 2165 quondam,
1020 2119 1154 2150 nunc
1190 2102 1388 2162 femina,
1429 2103 1671 2153 Caeneus-

121 2200 285 2232 rursus
322 2194 370 2232 et
406 2183 456 2231 in
493 2193 710 2237 veterem
748 2185 849 2232 fato
886 2185 1106 2231 revoluta
1142 2184 1359 2245 figuram.

120 2266 246 2314 inter
282 2283 403 2329 quas
441 2265 715 2314 Phoenissa
750 2282 921 2314 recens
957 2282 987 2313 a
1021 2267 1223 2313 vulnere
1260 2265 1397 2313 Dido
1711 2287 1793 2327 450

120 2347 311 2395 errabat
348 2346 467 2395 silva
503 2347 554 2394 in
591 2363 769 2410 magna
785 2365 798 2407 3
848 2362 998 2408 quam
1035 2345 1214 2394 Troius
1251 2347 1395 2394 heros

120 2436 174 2475 ut
210 2427 423 2490 primum
459 2427 592 2475 iuxta
628 2427 761 2476 stetit
797 2427 1098 2490 agnovitque
1133 2443 1220 2489 per
1255 2427 1454 2475 umbras

121 2509 397 2568 obscuram,
437 2510 635 2571 qualem
671 2508 831 2571 primo
869 2507 954 2571 qui
992 2524 1187 2570 surgere
1224 2524 1395 2556 mense

119 2597 205 2636 aut
240 2588 374 2637 videt
408 2598 494 2638 aut
528 2588 710 2637 vidisse
745 2598 885 2652 putat
922 2605 1008 2651 per
1045 2587 1215 2636 nubila
1251 2589 1435 2648 lunam,

176 2716 366 2769 426—454
388 2717 518 2756 MPR
738 2731 816 2768 427
848 2719 971 2769 vulgo
984 2723 1082 2769 post
1101 2719 1235 2767 primo
1258 2718 1537 2768 distinguitur,
1561 2717 1632 2755 sed
1650 2719 1789 2757 rectius

128 2772 348 2823 Wakefield
509 2774 588 2821 428
618 2773 704 2811 vita
722 2771 824 2823 1³71
990 2785 1069 2821 433
1102 2772 1324 2810 consilium
1345 2772 1431 2822 Ργ1
1575 2773 1657 2821 436
1684 2785 1790 2821 quas

123 2826 192 2864 M²
358 2828 438 2876 438
467 2826 554 2865 sata
583 2827 754 2865 obstant
788 2825 1100 2878 M⁹7²a²b²cmrr²
1131 2825 1406 2876 Augustinus
1437 2824 1552 2865 Serv.
1680 2827 1790 2865 tristi

122 2879 183 2919 b'c
199 2881 313 2921 Serv.
448 2887 491 2919 et
530 2881 768 2919 inamabilis
806 2881 900 2918 M²z
950 2880 1149 2918 innabilis
1189 2880 1391 2919 deten'ores
1417 2881 1546 2931 pauci
1677 2881 1790 2919 unda

123 2935 347 2985 M2R²72bc
364 2935 478 2975 Serv.
760 2948 840 2984 442
870 2934 1051 2985 peremit
1072 2933 1141 2970 Μ1
1416 2947 1498 2984 449
1528 2941 1727 2974 revocata
1747 2935 1790 2974 R

121 3001 201 3038 452
232 2991 423 3029 umbram
443 2989 585 3041 M7²bc
