2014 3372
1400 143 1762 193 AENEIDOS
1804 143 1827 190 I

160 299 306 333 saeva
341 285 520 334 sedens
556 300 703 347 super
737 300 873 332 arma
908 293 958 332 et
993 292 1195 333 centum
1230 283 1426 333 vinctus
1459 283 1596 333 aenis
1750 304 1826 345 ²95

158 373 273 427 post
307 374 497 429 tergum
533 364 679 414 nodis
715 366 890 414 fremet
925 365 1152 414 horridus
1189 382 1274 414 ore
1310 367 1546 414 cruento.'

229 447 374 494 Haec
409 445 477 494 ait
512 454 561 494 et
598 445 736 494 Maia
770 445 991 509 genitum
1030 445 1245 495 demittit
1280 446 1345 494 ab
1380 448 1495 505 alto,

158 535 214 574 ut
249 535 404 575 terrae
437 536 593 590 utque
629 544 788 576 novae
824 536 1026 590 pateant
1063 526 1382 590 Karthaginis
1417 543 1553 575 arces

158 608 376 672 hospitio
412 608 632 668 Teucris,
670 626 734 657 ne
770 608 856 657 fati
891 608 1059 657 nescia
1097 608 1233 658 Dido

157 688 341 738 finibus
377 699 576 738 arceret.
650 691 783 738 volat
818 689 900 738 ille
935 707 1023 753 per
1057 692 1170 738 aera
1205 706 1442 754 magnum
1750 709 1830 747 300

158 769 363 833 remigio
398 772 585 818 alarum
621 787 679 818 ac
717 770 906 833 Libyae
943 771 1069 819 citus
1105 770 1258 818 astitit
1293 770 1403 820 oris.

159 859 207 899 et
243 850 341 899 iarn
377 851 509 900 iussa
544 851 674 911 facit,
712 860 1009 914 ponuntque
1046 851 1229 900 ferocia
1266 851 1423 901 Poeni

158 924 310 980 corda
344 933 541 980 volente
578 934 674 981 deo
692 951 705 993 3
752 932 804 980 in
840 932 1010 995 primis
1046 932 1214 995 regina
1250 932 1474 996 quietum

157 1013 337 1076 accipit
372 1013 424 1061 in
460 1016 681 1063 Teucros
718 1014 941 1062 animum
978 1023 1300 1077 mentemque
1336 1013 1616 1077 benignam.

226 1098 293 1143 At
327 1095 438 1158 pius
475 1098 672 1144 Aeneas
708 1112 796 1158 per
831 1104 1032 1145 noctem
1069 1095 1281 1159 plurima
1316 1097 1533 1155 volvens,
1752 1115 1827 1155 305

158 1185 213 1224 ut
247 1176 461 1238 primum
498 1178 580 1224 lux
616 1178 747 1225 alma
782 1178 899 1226 data
934 1186 1020 1236 est,
1061 1177 1191 1225 exire
1227 1179 1465 1240 locosque

159 1258 409 1319 explorare
446 1274 617 1316 novos,
658 1274 779 1320 quas
815 1267 965 1306 vento
1000 1258 1262 1306 accesserit
1298 1274 1421 1315 oras,

160 1337 245 1399 qui
282 1346 482 1386 teneant
520 1337 657 1401 (nam
697 1338 883 1387 inculta
918 1337 1089 1401 videt),
1129 1337 1424 1386 hominesne
1459 1339 1670 1395 feraene,

160 1433 392 1480 quaerere
430 1420 686 1467 constituit
725 1419 972 1481 sociisque
1009 1427 1180 1467 exacta
1215 1420 1404 1467 referre.

159 1501 366 1547 classem
403 1499 454 1547 in
493 1516 715 1548 convexo
754 1516 1015 1548 nemorum
1053 1500 1148 1548 sub
1183 1517 1304 1563 rupe
1340 1509 1512 1549 cavata
1754 1520 1833 1559 310

157 1580 415 1629 arboribus
455 1582 673 1630 clausam
712 1581 897 1630 circum
933 1590 1082 1644 atque
1119 1581 1432 1630 horrentibus
1469 1582 1655 1631 umbris

159 1661 341 1709 occulit
358 1680 371 1722 ;
419 1661 526 1724 ipse
563 1679 665 1710 uno
702 1662 919 1725 graditur
954 1661 1218 1711 comitatus
1254 1663 1448 1711 Achate

159 1741 277 1790 bina
313 1759 464 1790 manu
503 1744 603 1791 lato
640 1742 860 1806 crispans
896 1742 1092 1791 hastilia
1126 1744 1266 1791 ferro.
1390 1746 1397 1753 '

159 1822 238 1871 cui
276 1832 431 1872 mater
467 1823 633 1872 media
670 1840 777 1873 sese
814 1824 924 1872 tulit
960 1823 1107 1873 obvia
1143 1823 1264 1872 silva

157 1904 355 1968 virginis
392 1922 448 1954 os
484 1905 811 1968 habitumque
846 1922 1020 1969 gerens
1057 1915 1106 1955 et
1141 1904 1340 1968 virginis
1376 1922 1513 1954 arma
1753 1926 1829 1966 315

159 1987 440 2048 Spartanae,
480 1988 557 2035 vel
595 1986 753 2049 qualis
791 2003 947 2049 equos
984 1985 1218 2034 Threissa
1254 1986 1424 2049 fatigat

160 2068 442 2129 Harpalyce
478 2069 831 2129 volucremque
868 2069 984 2130 suga
1019 2067 1339 2129 praevertitur
1378 2067 1622 2116 Hebrum.

159 2164 376 2210 namque
412 2148 594 2197 umeris
631 2150 695 2197 de
732 2164 869 2197 more
906 2148 1124 2197 habilem
1163 2150 1489 2211 suspenderat
1523 2165 1693 2197 arcum

158 2228 378 2276 venatrix
412 2231 718 2293 dederatque
757 2246 953 2279 comam
990 2229 1269 2279 diffundere
1305 2229 1479 2289 ventis,

159 2310 295 2358 nuda
329 2326 459 2372 genu
495 2312 732 2373 nodoque
770 2310 906 2359 sinus
944 2312 1152 2359 collecta
1188 2310 1399 2359 fluentis.
1751 2330 1830 2369 320

159 2406 218 2437 ac
252 2389 383 2452 prior
422 2392 603 2450 ‘heus‚'
640 2390 814 2454 inquit,
860 2395 871 2416 ‘
890 2391 1107 2451 iuvenes,
1148 2400 1434 2451 monstrate,
1473 2408 1694 2440 mearum

158 2469 347 2518 vidistis
384 2470 424 2518 si
460 2487 611 2534 quam
649 2471 730 2520 hic
767 2481 1010 2526 errantem
1048 2474 1173 2521 forte
1210 2488 1434 2521 sororum

160 2550 463 2600 succinctam
500 2554 728 2615 pharetra
764 2562 813 2601 et
850 2555 1132 2602 maculosae
1169 2552 1385 2616 tegmine
1421 2552 1590 2615 lyncis,

159 2640 244 2679 aut
280 2632 555 2694 spumantis
591 2632 696 2696 apri
733 2650 929 2682 cursum
969 2635 1184 2683 clamore
1220 2636 1558 2697 prementem.'

164 2764 405 2845 G225—334
434 2752 567 2791 MPR
637 2809 664 2846 6
694 2807 724 2846 S
776 2766 855 2804 297
878 2753 1169 2846 di1lnnittiZlP7c}l
1299 2756 1381 2804 298
1402 2753 1591 2847 terrai-IPI:
1703 2760 1830 2847 atth‘ile

155 2820 446 2912 gtamagoegtz'a':
488 2819 646 2899 Eur31i1
681 2820 1272 2913 Ηῖιῖἑῗνῗςῗερνοῖἔηῗῗῑίαᾰυιξ
1296 2862 1369 2900 alii
1387 2821 1467 2858 317
1531 2821 1827 2912 ξξῑξ-ξιιῐὲεεῒίαηί

161 2914 222 2952 R²
234 2914 448 2967 deteriores,
461 2914 885 2954 testatur-Fascianus.
920 2915 1247 2955 ‘scribendumne
1259 2917 1315 2954 sit
1331 2916 1543 2956 maculoso
1558 2930 1641 2956 non
1658 2916 1804 2967 definio
1816 2916 1828 2934 ’

162 2967 348 3020 Madvig,
373 2970 447 3022 qui
461 2969 600 3019 lyncis
620 2998 630 3008 .
657 2999 664 3008 .
687 2999 697 3009 .
721 2975 794 3008 aut
815 2970 904 3019 apri
925 2970 1062 3021 iungit
1171 2971 1358 3020 tegmina
1377 2970 1420 3021 γι
1442 2969 1611 3011 Ribbeck
