2014 3372
1368 143 1729 193 AENEIDOS
1763 140 1839 191 XI

179 296 352 349 ‘alma‚
390 287 481 336 tibi
516 289 659 346 hanc,
698 284 960 335 nemorum
998 283 1186 344 cultrix,
1227 283 1436 332 Latonia
1470 283 1618 347 virgo,

176 369 281 433 ipse
316 377 454 432 pater
488 368 724 416 famulam
759 382 948 427 voveo,
996 374 1081 413 tua
1116 364 1274 428 prima
1308 381 1395 428 per
1427 381 1569 412 auras

176 451 274 498 tela
308 458 482 497 tenens
518 449 726 510 supplex
761 448 956 495 hostem
992 445 1127 509 fugit.
1201 444 1384 508 accipe,
1423 454 1587 504 testor,

176 529 290 578 diva
324 538 473 587 tuam,
514 545 651 591 quae>
677 544 812 575 nunc
848 525 1013 575 dubiis
1050 525 1374 574 committitur
1406 525 1567 574 auris?
1762 532 1843 586 560

177 609 312 669 dixit,
352 619 400 658 et
438 610 659 657 adducto
696 616 979 656 contortum
1016 606 1192 655 hastile
1229 608 1412 655 lacerto

176 690 424 739 immittit:
474 706 684 739 sonuere
719 690 897 748 undae,
937 687 1166 750 rapidum
1203 705 1349 751 super
1382 704 1583 736 amnem

163 771 343 834 ‚infelix
378 770 500 834 fugit
535 770 587 818 in
622 769 785 818 iaculo
821 768 1059 817 stridente
1097 768 1319 818 Camilla.

175 862 225 901 at
262 851 496 900 Metabus
533 867 712 913 magna
746 849 949 912 propius
986 848 1084 897 iam
1121 858 1324 913 urgente
1360 858 1554 898 caterva

177 935 262 982 dat
298 950 405 982 sese
441 932 605 992 fluvio,
643 941 793 994 atque
829 933 1021 979 hastam
1058 947 1174 979 cum
1209 929 1395 993 virgine
1430 929 1586 978 victor
1759 935 1836 988 565

175 1015 441 1079 gramineo,
481 1016 672 1063 donum
709 1013 916 1072 Triviae,
957 1014 1021 1062 de
1058 1012 1275 1075 caespite
1311 1012 1458 1061 vellit.

176 1113 278 1145 non
314 1095 454 1144 illum
491 1095 632 1144 tectis
668 1097 811 1154 ullae,
851 1111 953 1142 non
991 1093 1253 1143 moenibus
1289 1094 1436 1142 urbes

175 1194 424 1240 accepere,
465 1194 628 1240 neque
664 1175 770 1239 ipse
806 1192 982 1224 manus
1019 1174 1209 1223 feritate
1245 1174 1496 1223 dedisset:

176 1268 429 1322 pastorum
466 1267 515 1306 et
551 1257 667 1306 solis
704 1256 863 1320 exegit
899 1255 1153 1305 montibus
1189 1272 1379 1304 aevum.

176 1340 257 1389 hic
293 1350 460 1388 natam
496 1339 547 1388 in
585 1338 749 1388 dumis
786 1338 1011 1401 interque
1047 1337 1296 1387 horrentia
1332 1339 1482 1386 lustra
1763 1352 1843 1397 570

176 1421 457 1469 armentalis
495 1437 653 1483 equae
688 1419 917 1468 mammis
954 1428 1003 1467 et
1038 1420 1165 1467 lacte
1201 1418 1357 1467 ferino

176 1502 392 1551 nutribat
429 1501 609 1550 teneris
645 1500 941 1562 immulgens
978 1500 1130 1548 ubera
1167 1498 1327 1547 labris.

176 1592 329 1646 utque
365 1584 553 1645 pedum
590 1580 758 1643 primis
795 1581 955 1628 infans
991 1578 1194 1642 vestigia
1230 1578 1409 1641 plantis

176 1663 429 1723 institerat,
470 1663 632 1711 iaculo
669 1664 859 1724 palmas
895 1660 1103 1709 armavit
1138 1669 1286 1708 acuto

177 1744 465 1808 spiculaque
503 1761 563 1792 ex
598 1760 771 1792 umero
808 1759 986 1805 parvae
1023 1740 1281 1805 suspendit
1317 1750 1366 1789 et
1401 1757 1583 1789 arcum.
1761 1756 1840 1800 575

177 1842 266 1888 pro
302 1825 472 1874 crinali
509 1840 641 1884 auro,
682 1840 771 1887 pro
808 1825 984 1886 longae
1021 1822 1236 1885 tegmine
1272 1823 1432 1884 pallae

177 1905 363 1969 tigridis
401 1905 603 1954 exuviae
639 1921 726 1967 per
762 1905 966 1952 dorsum
1001 1920 1030 1951 a
1065 1902 1246 1951 vertice
1282 1905 1516 1965 pendent.

177 1988 275 2034 tela
311 2004 461 2034 manu
497 1985 596 2034 iam
633 1995 740 2033 turn
777 1994 944 2033 tenera
979 1983 1184 2046 puerilia
1220 1983 1359 2031 torsit

178 2076 226 2115 et
262 2069 468 2115 fundam
505 2065 645 2115 tereti
681 2065 867 2114 circum
904 2073 1052 2127 caput
1088 2063 1186 2127 egit
1221 2064 1417 2112 habena

179 2147 609 2210 Strymoniamque
645 2163 815 2210 gruem
852 2155 937 2194 aut
971 2146 1141 2193 album
1178 2143 1358 2194 deiecit
1393 2145 1594 2192 olorem.
1761 2154 1843 2203 580

179 2231 362 2276 multae
398 2228 531 2276 illam
568 2230 743 2276 frustra
778 2229 1033 2290 Tyrrhena
1069 2243 1155 2289 per
1191 2225 1376 2288 oppida
1411 2234 1590 2274 matres

179 2319 409 2372 optavere
445 2326 657 2369 nurum3
705 2311 810 2357 sola
846 2317 1081 2357 contenta
1118 2307 1281 2355 Diana

178 2399 433 2438 aeternum
470 2392 680 2438 telorum
717 2399 765 2438 et
801 2388 1090 2452 virginitatis
1126 2404 1345 2436 amorem

180 2470 469 2519 intemerata
504 2470 633 2519 colit.
709 2472 886 2518 vellem
925 2472 1061 2518 haud
1098 2477 1320 2531 correpta
1356 2466 1526 2516 fuisset

180 2551 352 2599 militia
388 2552 472 2600 tali
508 2561 687 2600 conata
722 2553 961 2599 lacessere
998 2553 1251 2599 Teucros:
1764 2557 1840 2607 585

181 2649 291 2680 cara
326 2632 448 2680 mihi
484 2632 824 2695 comitumque
860 2634 984 2680 foret
1020 2648 1154 2679 nunc
1190 2647 1290 2679 una
1326 2645 1560 2677 mearum.

180 2729 349 2760 verum
385 2729 488 2775 age,
528 2711 936 2775 quandoquidem
973 2711 1082 2760 fatis
1119 2720 1316 2774 urgetur
1352 2708 1555 2768 acerbis,

179 2793 357 2852 labere,
397 2794 626 2855 nympha,
666 2794 784 2855 polo
820 2792 1031 2854 finisque
1068 2790 1222 2839 invise
1260 2789 1477 2848 Latinos,

235 2924 424 2972 557-588
445 2922 575 2961 MPR
794 2923 874 2970 566
904 2921 1012 2960 tollit
1032 2921 1114 2972 ΡὙι
1322 2931 1402 2969 574
1431 2918 1628 2970 armavit]
1650 2916 1845 2957 oneravit

181 2976 203 3012 b
224 2975 460 3016 Moretanus
478 2977 506 3015 I
520 2977 634 3016 Serv.

230 3054 359 3082 VERG.
1681 3040 1733 3078 26
