2046 3380
241 130 298 181 P.
336 128 636 177 VERGILI
677 128 1003 177 MARONIS

240 269 607 331 collectumque
642 283 873 331 premens
909 266 1060 316 volvit
1096 268 1190 316 sub
1226 267 1426 317 naribus
1463 267 1641 333 ignem.
1864 278 1916 330 85

241 351 399 398 densa
434 349 564 409 iuba,
605 358 654 397 et
690 350 863 398 dextro
900 348 1080 397 iactata
1115 349 1360 398 recumbit
1395 349 1446 398 in
1482 367 1621 399 armo
1637 369 1651 411 3
1734 350 1737 353 ⁴

240 442 291 481 at
328 433 513 495 duplex
549 431 707 494 agitur
743 448 829 494 per
866 432 1064 480 lumbos
1102 431 1257 495 spina,
1298 442 1538 496 cavatque

240 516 467 563 tellurem
505 523 553 563 et
591 514 752 563 solido
789 513 996 577 graviter
1032 524 1176 563 sonat
1213 517 1398 577 ungula
1435 532 1602 564 cornu.

238 596 348 645 talis
386 596 643 659 Amyclaei
679 596 898 645 domitus
935 597 1151 646 Pollucis
1188 597 1397 646 habenis

240 678 463 740 Cyllarus
501 687 562 738 et,
602 694 816 741 quorum
854 678 971 728 Grai
1008 678 1278 728 meminere
1314 688 1506 742 poetae,
1865 701 1921 743 90

243 759 417 808 Martis
455 758 571 823 equi
609 759 799 824 biiuges
836 770 884 809 et
922 760 1088 824 magni
1125 778 1293 810 currus
1330 760 1526 810 Achilli.

238 839 347 889 talis
386 849 434 889 et
470 840 576 904 ipse
613 841 784 890 iubam
822 841 1011 890 cervice
1049 842 1257 891 effundit
1295 841 1477 906 equina

237 922 461 986 coniugis
498 924 717 972 adventu
753 922 926 986 pernix
963 925 1215 983 Saturnus,
1256 933 1305 972 et
1340 926 1495 972 altum

239 1003 414 1053 Pelion
450 1003 648 1053 hinnitu
685 1004 877 1068 fugiens
916 1004 1138 1068 implevit
1174 1014 1335 1054 acuto.

306 1088 462 1134 Hunc
487 1102 704 1149 quoque,
723 1085 810 1134 ubi
834 1095 919 1134 aut
947 1086 1123 1134 morbo
1148 1086 1305 1149 gravis
1330 1096 1415 1135 aut
1440 1086 1539 1136 iam
1559 1086 1754 1152 segnior
1772 1086 1915 1136 annis

234 1166 416 1227 deficit,
454 1168 586 1216 abde
622 1169 790 1227 domo,
831 1185 924 1216 nec
965 1167 1094 1230 turpi
1131 1167 1333 1230 ignosce
1370 1178 1613 1218 senectae.
1862 1177 1916 1230 96

234 1248 437 1312 frigidus
474 1248 525 1296 in
564 1251 812 1298 Venerem
852 1249 1028 1308 senior,
1073 1251 1348 1313 frustraque
1386 1250 1608 1299 laborem

233 1328 478 1392 ingratum
515 1329 676 1390 trahit,
717 1339 778 1389 et,
819 1329 859 1378 si
897 1331 1101 1393 quando
1140 1332 1205 1378 ad
1242 1331 1431 1394 proelia
1466 1340 1671 1380 ventum
1708 1341 1794 1391 est,

232 1420 287 1459 ut
325 1413 581 1475 quondam
618 1411 669 1459 in
706 1410 897 1474 stipulis
938 1428 1145 1474 magnus
1186 1411 1292 1460 sine
1332 1412 1516 1462 viribus
1552 1412 1692 1477 ignis,

232 1491 482 1541 incassum
519 1492 645 1541 furit.
721 1510 836 1556 ergo
873 1492 1066 1542 animos
1106 1510 1385 1556 aevumque
1430 1494 1627 1543 notabis
1839 1515 1915 1543 100

231 1575 529 1639 praecipue:
579 1574 697 1624 hinc
732 1574 851 1624 alias
889 1575 1003 1624 artis
1042 1577 1334 1639 prolemque
1373 1585 1636 1639 parentum

231 1666 280 1705 et
316 1656 427 1720 quis
464 1656 645 1720 cuique
682 1658 825 1707 dolor
861 1656 1007 1716 victo,
1050 1674 1178 1720 quae
1215 1656 1369 1721 gloria
1405 1660 1614 1721 palmae.

231 1754 400 1786 nonne
436 1738 588 1799 vides,
628 1756 744 1787 cum
780 1738 1036 1802 praecipiti
1075 1739 1344 1789 certamine
1383 1757 1618 1804 campum

231 1818 523 1882 corripuere,
562 1829 812 1883 ruuntque
849 1819 990 1869 effusi
1029 1837 1222 1870 carcere
1261 1838 1444 1883 currus,

231 1917 345 1949 cum
384 1917 495 1964 spes
531 1902 761 1950 adrectae
798 1901 1048 1962 iuvenum,
1092 1904 1486 1968 exsultantiaque
1518 1904 1680 1954 haurit
1835 1925 1911 1966 105

230 1983 382 2031 corda
417 1999 570 2045 pavor
606 1984 848 2046 pulsans?
896 1982 965 2030 illi
1004 1983 1188 2032 instant
1226 1985 1428 2034 verbere
1465 1995 1595 2036 torto

231 2073 279 2112 et
314 2063 459 2127 proni
495 2065 616 2113 dant
653 2067 768 2125 lora,
808 2067 940 2114 volat
978 2065 1025 2113 vi
1063 2065 1279 2115 fervidus
1315 2067 1418 2116 axis
1435 2086 1448 2128 ;

230 2144 430 2208 iamque
467 2145 693 2206 humiles,
735 2146 934 2209 iamque
974 2146 1088 2195 elati
1127 2148 1339 2197 sublime
1375 2149 1605 2199 videntur

228 2229 341 2275 a'era
377 2244 464 2290 per
500 2244 712 2276 vacuum
751 2228 861 2276 ferri
901 2238 1051 2292 atque
1089 2230 1352 2293 adsurgere
1389 2230 1440 2278 in
1476 2247 1618 2279 auras
1636 2249 1651 2291 3

231 2325 324 2357 nec
361 2326 499 2358 mora
535 2326 628 2358 nec
665 2309 894 2373 requies3
944 2319 994 2359 at
1032 2311 1195 2359 fulvae
1233 2310 1433 2360 nimbus
1469 2313 1684 2361 harenae
1834 2332 1912 2362 110

230 2389 428 2450 tollitur,
468 2401 730 2440 umescunt
768 2391 956 2455 spumis
996 2393 1216 2456 flatuque
1255 2402 1583 2456 sequentum:

229 2480 394 2519 tantus
433 2489 573 2521 amor
609 2474 829 2533 laudum,
872 2482 1038 2522 tantae
1076 2483 1150 2523 est
1187 2474 1391 2523 victoria
1427 2492 1585 2524 curae.

229 2553 415 2616 primus
454 2554 808 2604 Erichthonius
849 2573 1017 2604 currus
1056 2565 1104 2604 et
1142 2565 1374 2619 quattuor
1408 2574 1556 2606 ausus

228 2635 430 2699 iungere
467 2654 623 2701 equos
663 2638 964 2701 rapidusque
1003 2638 1120 2688 rotis
1159 2638 1382 2690 insistere
1417 2639 1584 2690 victor.

285 2771 447 2818 85-114
471 2767 602 2807 MPR
778 2771 830 2820 85
854 2770 1041 2808 fremens
1062 2769 1145 2808 Mc²
1256 2783 1308 2819 92
1331 2770 1479 2809 effudit
1499 2770 1579 2821 7²b‚
1605 2769 1716 2811 codd.
1739 2768 1909 2820 quidam

230 2823 436 2862 deteriores
622 2826 675 2873 96
700 2825 924 2875 posthunc
942 2838 1105 2864 versum
1135 2836 1313 2862 12‘0-122
1345 2825 1515 2863 inseruit
1533 2825 1710 2874 Bentley,
1730 2824 1912 2874 fortasse

232 2882 324 2916 recte
454 2892 508 2928 99
538 2879 581 2916 in
612 2893 692 2918 om.
721 2876 820 2929 M17
973 2892 1045 2917 101
1079 2878 1202 2929 artis]
1234 2879 1366 2928 partis
1386 2879 1429 2917 P
1569 2892 1645 2929 109
1675 2891 1910 2929 exsurgere

230 2932 302 2982 Ry
419 2946 494 2982 114
525 2933 686 2984 rapidis
708 2931 813 2971 M²c²
925 2939 1072 2972 vector
1093 2934 1259 2983 Bentley
