2014 3372
205 146 257 192 P.
297 144 597 194 VERGILI
637 143 962 193 MARONIS

203 292 359 332 matre
396 292 527 333 caret
563 282 829 347 posuitque
865 299 1035 331 comas
1072 291 1121 330 et
1155 281 1388 331 bracchia
1422 282 1550 332 ferro

203 364 323 414 olim
358 365 517 425 arbos,
557 381 692 413 nunc
727 363 925 412 artificis
962 380 1138 412 manus
1174 380 1286 412 aere
1322 365 1506 413 decoro
1800 372 1879 415 πο

201 445 401 494 inclusit
435 444 758 509 patribusque
794 444 934 494 dedit
968 453 1158 507 gestare
1194 443 1414 493 Latinis.'
1455 493 1458 495 ,

202 526 384 576 talibus
421 526 548 576 inter
584 543 636 576 se
673 526 936 575 firmabant
970 527 1172 575 foedera
1208 525 1353 574 dictis

201 617 474 671 conspectu
511 607 563 656 in
599 607 766 657 medio
802 624 1075 671 procerum.
1150 616 1256 656 tum
1292 607 1382 656 rite
1417 616 1630 657 sacratas

200 688 253 736 in
290 690 543 738 flammam
579 688 802 752 iugulant
837 691 1056 752 pecudes
1092 697 1142 738 et
1177 688 1362 738 viscera
1396 688 1517 738 vivis

201 767 427 834 eripiunt,
468 772 822 834 cumulantque
858 769 1071 820 oneratis
1106 770 1332 819 lancibus
1367 787 1487 821 aras.
1802 791 1877 833 215

269 853 338 900 At
373 868 490 901 vero
528 852 726 901 Rutulis
763 851 921 915 impar
956 868 1014 901 ea
1050 869 1216 915 pugna
1251 852 1405 901 videri

201 931 497 982 iamdudum
534 942 583 983 et
619 933 753 983 vario
791 933 986 983 misceri
1021 943 1223 997 pectora
1258 942 1411 994 motu,

202 1022 307 1062 tum
346 1013 500 1077 magis
538 1023 592 1063 ut
627 1014 828 1078 propius
865 1023 1074 1063 cernunt
1112 1013 1236 1081 [non
1271 1014 1455 1064 viribus
1491 1012 1699 1083 aequis}

201 1093 402 1144 adiuvat
438 1095 636 1145 incessu
672 1095 822 1145 tacito
858 1113 1142 1159 progressus
1178 1105 1227 1144 et
1263 1113 1396 1144 aram

202 1176 488 1240 suppliciter
523 1195 763 1226 venerans
800 1177 1018 1226 demisso
1054 1177 1241 1226 lumine
1277 1180 1476 1226 Turnus
1799 1199 1880 1228 220

202 1258 530 1322 tabentesque
565 1276 721 1322 genae
757 1268 806 1308 et
841 1258 1056 1308 iuvenali
1091 1258 1143 1306 in
1180 1275 1398 1324 corpore,
1419 1261 1588 1322 pallor.
1632 1302 1634 1305 ,

202 1355 352 1402 quem
389 1339 536 1388 simul
571 1357 629 1388 ac
668 1343 874 1388 Iuturna
909 1357 1047 1389 soror
1081 1340 1387 1389 crebrescere
1422 1340 1546 1390 vidit

201 1437 483 1470 sermonem
521 1431 569 1470 et
605 1421 737 1485 vulgi
773 1421 956 1471 variare
993 1421 1212 1470 labantia
1247 1423 1411 1481 corda,

201 1500 254 1549 in
290 1502 481 1552 medias
517 1503 648 1552 acies
684 1504 895 1552 formam
931 1502 1227 1551 adsimulata
1264 1502 1482 1552 Camerti

203 1582 304 1647 (cui
338 1600 494 1647 genus
530 1601 560 1632 a
594 1583 789 1647 proavis
825 1583 998 1646 ingens
1035 1585 1322 1646 clarumque
1358 1592 1591 1645 paternae
1800 1605 1876 1647 2²5

201 1681 387 1713 nomen
425 1674 527 1714 erat
562 1665 766 1725 virtutis,
805 1673 854 1713 et
890 1663 996 1728 ipse
1031 1663 1296 1713 acerrimus
1333 1663 1571 1728 armis)-—-

200 1744 252 1793 in
289 1746 478 1795 medias
515 1747 601 1796 dat
637 1763 744 1795 sese
779 1745 910 1795 acies
946 1747 1083 1795 haud
1118 1745 1285 1795 nescia
1322 1762 1482 1794 rerum

200 1844 521 1891 rumoresque
557 1827 672 1877 serit
707 1827 866 1876 varios
901 1844 959 1876 ac
996 1826 1110 1875 talia
1145 1829 1300 1875 fatur:

206 1913 339 1957 ‘non
376 1910 544 1972 pudet,
586 1926 616 1957 o
655 1908 840 1968 Rutuli,
881 1925 970 1970 pro
1007 1907 1198 1956 cunctis
1236 1907 1415 1957 talibus
1452 1926 1604 1958 unam

202 1990 450 2039 obiectare
486 1988 745 2038 animam?
792 2005 1066 2037 numerone
1101 2005 1166 2036 an
1202 1988 1385 2037 viribus
1421 1989 1567 2052 aequi
1800 2009 1878 2049 230

201 2088 304 2120 non
336 2073 543 2119 sumus?
592 2087 668 2130 en,
708 2087 882 2119 omnes
920 2079 968 2118 et
1004 2072 1160 2118 Troes
1198 2078 1247 2118 et
1282 2071 1502 2118 Arcades
1539 2070 1591 2118 hi
1627 2080 1754 2130 sunt,

201 2153 471 2215 fatalesque
508 2168 697 2210 manus,
738 2150 929 2200 infensa
967 2149 1162 2198 Etruria
1199 2152 1384 2199 Turno.

200 2232 280 2280 vix
315 2234 525 2292 hostem,
563 2231 739 2281 alterni
775 2232 815 2280 si
851 2231 1242 2295 congrediamur,
1283 2232 1538 2281 habemus.

200 2313 282 2362 ille
319 2313 523 2376 quidem
559 2315 623 2362 ad
660 2330 877 2377 superOS,
910 2330 1129 2376 quorum
1165 2330 1218 2362 se
1253 2314 1465 2362 devovet
1499 2313 1606 2373 aris,

201 2397 435 2444 succedet
471 2397 602 2443 fama
637 2394 875 2458 vivusque
911 2412 997 2458 per
1033 2412 1117 2444 ora
1154 2397 1360 2444 feretur:
1796 2415 1874 2457 235

200 2493 292 2525 nos
328 2475 483 2540 patria
518 2476 699 2525 amissa
734 2476 950 2526 dominis
985 2494 1155 2541 parere
1191 2477 1414 2541 superbis

200 2573 448 2620 cogemur,
487 2557 573 2620 qui
609 2575 742 2607 nunc
779 2558 900 2608 lenti
936 2559 1254 2608 consedimus
1290 2559 1446 2608 arvis.’

268 2638 474 2687 Talibus
511 2638 714 2688 incensa
745 2628 824 2688 ‘est
861 2639 1093 2688 iuvenum
1133 2640 1376 2689 sententia
1412 2641 1556 2690 dictis

256 2773 446 2822 209—238
466 2772 598 2812 MPR
819 2786 899 2822 213
929 2779 1160 2823 prospectu
1180 2773 1234 2811 M
1340 2773 1384 2811 in
1406 2787 1489 2814 om.
1512 2771 1682 2811 M¹P¹b¹
1794 2773 1875 2812 218

201 2838 288 2864 non
308 2826 468 2865 viribus
483 2828 632 2877 aequis
648 2828 887 2878 interpolata
902 2841 982 2866 esse
1003 2832 1097 2866 recte
1115 2827 1261 2868 statuit
1277 2827 1445 2866 Brunck
1570 2838 1644 2866 221
1678 2826 1874 2866 tabentes

201 2879 266 2918 a²c
284 2879 488 2920 deteriores
507 2881 694 2932 Bentley:
728 2882 940 2932 pubentes
961 2882 1075 2921 ceteri
1181 2894 1264 2931 230
1293 2882 1369 2935 an]
1399 2895 1448 2921 ac
1467 2881 1525 2920 Ρ2
1636 2880 1785 2930 aequis
1804 2879 1874 2932 Py

201 2946 280 2983 232
312 2935 536 2986 fatalisque
556 2935 647 2986 Ργι·
657 2935 785 2988 Serv„
811 2936 984 2986 defendit
1002 2935 1234 2976 Sabbadini
1424 2949 1504 2986 237
1534 2935 1663 2975 lentis
1686 2933 1769 2987 (γι)
1791 2965 1801 2974 .
1827 2965 1836 2975 .
1858 2963 1870 2975 .

201 2990 330 3028 armis
354 2989 506 3043 (M171)
530 2989 696 3040 Bentley
