2020 3372
802 95 1206 145 PRAEFATIO

167 233 313 281 theca
338 232 615 282 Bodleiana
638 242 892 282 servantur
916 251 1019 283 non
1042 234 1148 298 ipse
1181 236 1598 287 contuli—defuit
1631 239 1764 288 enirn
1790 249 1839 294 et
1878 261 1881 263 >

167 320 290 368 mihi
319 330 514 385 tempus
548 331 597 371 et
629 322 747 386 ipsis
781 322 1153 386 dignitas—sed
1189 341 1340 387 opera
1375 343 1493 374 usus
1529 344 1679 390 quarn
1717 328 1838 382 mihi

166 409 637 459 benevolentissime
656 410 853 459 navavit
871 411 1059 460 amicus
1080 429 1220 460 meus
1242 415 1293 460 F.
1319 415 1522 474 Madan,
1547 415 1838 465 Canonicia-

165 513 287 545 num
313 495 460 562 (saec.
480 497 544 562 x),
578 499 942 548 Mentelianum
968 499 1183 563 primum
1208 498 1356 566 (saec.
1385 500 1449 567 x),
1481 502 1837 566 Menagianum

164 585 379 648 priorem
404 585 553 651 (saec.
582 587 677 652 xv),
707 590 959 636 Venetum
992 587 1140 653 (saec.
1169 587 1266 654 xv),
1298 589 1660 639 Dorvillianum
1688 591 1833 656 (saec.

164 673 261 738 xv),
292 692 674 739 nonnumquam
699 675 751 723 in
776 678 939 726 lucem
964 677 1190 740 protraxi.
1261 677 1383 741 sigla
1406 678 1638 727 codicum
1664 679 1835 728 litteris

165 762 443 812 uncialibus
492 763 786 827 scriptorum
833 764 885 812 in
932 765 1091 828 prima
1138 782 1336 829 quaque
1380 776 1642 830 apparatus
1684 767 1837 816 critici

164 850 368 901 ineunte
394 852 524 901 linea
547 853 704 916 posui,
734 862 789 902 ut
817 853 959 902 facile
992 854 1410 904 animadvertatur
1446 854 1533 918 qui
1565 864 1753 904 textum
1785 856 1836 904 in

164 958 364 1005 quaque
389 942 569 1005 pagina
593 942 870 991 exhibitum
896 943 1198 993 contineant.

233 1032 363 1079 Rem
394 1031 824 1095 orthographicam
857 1034 922 1081 ad
952 1050 1103 1081 unam
1136 1051 1363 1082 normam
1399 1033 1570 1099 (quam
1600 1034 1837 1098 praecipit

164 1120 446 1168 Brambach
462 1119 514 1184 ¹),
544 1122 711 1183 quoad
744 1120 896 1183 potui,
926 1138 1155 1170 revocare
1189 1122 1386 1171 studui:
1425 1122 1542 1185 quia
1573 1132 1741 1171 autem
1773 1125 1837 1171 de

163 1207 330 1256 multis
364 1208 617 1257 vocabulis
651 1208 745 1271 ipsi
778 1208 904 1257 inter
937 1226 989 1257 se
1023 1209 1384 1258 dissentiebant
1414 1210 1645 1269 Romani,
1674 1228 1837 1274 neque

162 1296 362 1345 codices
387 1305 472 1344 aut
495 1295 928 1359 grammaticorum
949 1298 1144 1359 regulae
1164 1298 1375 1343 multum
1395 1304 1614 1359 prosunt,
1634 1312 1838 1344 necesse

163 1392 237 1432 est
262 1392 316 1432 ut
336 1400 426 1432 suo
446 1383 657 1446 quisque
676 1383 876 1432 arbitrio
897 1385 1276 1446 quodammodo
1295 1392 1472 1441 utatur,
1493 1383 1581 1431 sed
1601 1382 1837 1446 religione

161 1474 392 1536 quadam,
426 1489 490 1522 ne
525 1471 823 1533 Quintiliani
856 1471 1043 1521 iudicio
1077 1474 1341 1521 damnetur
1373 1471 1628 1534 imperitos
1661 1470 1838 1534 impro-

161 1561 325 1611 bantis
352 1561 437 1625 qui
462 1563 643 1610 formas
670 1560 720 1608 in
741 1560 988 1610 veteribus
1015 1560 1150 1609 libris
1176 1570 1392 1623 repertas
1419 1569 1610 1608 mutare
1629 1561 1833 1619 soleant,

161 1659 210 1700 et
235 1652 357 1699 dum
388 1650 698 1699 librariorum
732 1648 960 1698 insectari
986 1651 1160 1698 volunt
1192 1648 1517 1707 inscientiam,
1547 1664 1688 1696 suam
1724 1665 1839 1697 con-

163 1740 405 1789 fiteantur.

231 1828 495 1878 Editorum
544 1827 920 1877 emendationes
968 1844 1095 1890 quae
1143 1825 1500 1890 probabiliores
1548 1825 1671 1874 mihi
1707 1825 1838 1875 vide-

161 1925 329 1965 rentur
364 1916 416 1964 in
451 1925 688 1979 apparatu
726 1915 896 1964 critico
938 1914 1148 1973 enotavi,
1181 1916 1442 1978 plerasque
1477 1923 1646 1962 autem
1682 1913 1838 1962 hario-

162 2005 384 2065 lationeS,
437 2004 858 2068 transpositioneS,
911 2002 1258 2052 damnationes
1318 2001 1511 2064 neglexi
1528 2019 1542 2062 3
1625 2018 1748 2064 quas
1798 2001 1838 2049 si

162 2093 369 2158 quaeris,
399 2094 536 2156 quod
561 2094 626 2141 ad
652 2091 880 2141 Aeneida
905 2091 1081 2140 attinet
1105 2089 1157 2138 in
1182 2107 1244 2139 eo
1273 2089 1401 2138 libro
1430 2089 1653 2138 invenies
1686 2105 1836 2151 quem

163 2182 376 2232 maxima
411 2199 529 2231 cura
565 2190 715 2244 atque
752 2179 958 2229 scientia
994 2178 1178 2227 abhinc
1216 2176 1453 2226 undecim
1485 2193 1644 2224 annos
1681 2176 1837 2224 edidit

162 2274 215 2319 P.
257 2270 549 2321 Denticke2.
623 2269 674 2317 in
718 2268 938 2318 editione
974 2276 1141 2316 autem
1183 2267 1432 2330 praeclara
1474 2281 1624 2328 quam
1661 2263 1837 2313 iterum

217 2401 231 2424 ¹
263 2401 361 2440 Non
391 2402 504 2451 quod
535 2401 637 2439 totis
667 2399 858 2438 numeris
887 2397 1079 2448 perfecta
1109 2397 1214 2435 mihi
1242 2396 1452 2446 videatur,
1484 2395 1559 2433 sed
1590 2393 1690 2443 quia
1719 2393 1839 2433 solus

160 2467 227 2505 vir
257 2467 410 2505 doctus
441 2465 792 2515 orthographiam
823 2464 866 2502 in
897 2468 1031 2501 artem
1061 2461 1242 2512 redegit,
1267 2460 1395 2499 citius
1423 2463 1566 2497 autem
1595 2457 1761 2496 veritas·
1784 2470 1839 2495 ex

160 2542 309 2569 errore
329 2543 456 2579 quam
486 2543 540 2568 ex
562 2528 813 2567 confusione
845 2527 1038 2576 emergit.
1101 2526 1177 2564 sed
1208 2525 1334 2563 etiam
1367 2523 1656 2562 recentiorum
1684 2521 1721 2560 si
1744 2521 1840 2571 quis

158 2595 398 2645 probabilia
418 2595 671 2645 praecipere
692 2593 916 2632 videbatur
936 2592 1148 2631 rationem
1168 2590 1306 2630 habui.
1463 2592 1466 2594 ’
1651 2643 1655 2646 ²

216 2660 232 2683 ²
260 2660 312 2701 P.
342 2659 491 2712 Vergili
517 2660 710 2699 Maronis
738 2658 902 2707 Aeneis,
925 2657 1047 2696 edidit
1081 2657 1153 2697 Th.
1178 2655 1386 2706 Ladewtg,
1418 2653 1634 2693 editionem
1662 2651 1839 2690 alteram

160 2726 318 2765 curavit
334 2756 343 2765 .
368 2755 378 2765 .
403 2756 412 2764 .
435 2725 601 2763 Paulus
615 2723 813 2774 Deuticke,
837 2723 954 2772 1889.
1003 2722 1132 2760 etiam
1153 2720 1214 2758 illi
1236 2719 1417 2759 editioni
1437 2731 1563 2767 quarn
1581 2721 1839 2755 curaverunt

166 2791 591 2842 Ladewig-Schaper
604 2789 781 2828 multum
795 2788 848 2827 de
861 2799 939 2833 suo
954 2786 1115 2825 addidit
1132 2786 1247 2836 1891,
1273 2797 1391 2834 1902,
1410 2796 1526 2834 1904.
1575 2782 1692 2822 locos
1709 2794 1831 2832 prae-

165 2864 284 2896 terea
304 2857 345 2895 in
366 2868 490 2894 usum
510 2853 750 2894 scholarum
768 2850 927 2901 delegit
948 2851 1063 2899 1895.
1114 2849 1211 2888 vide
1227 2847 1352 2887 etiam
1369 2859 1476 2897 quae
1493 2845 1671 2885 contulit
1691 2845 1735 2884 in
1756 2844 1833 2884 den

158 2919 513 2971 Jahresberichten
535 2917 606 2957 des
625 2915 934 2967 philologischen
961 2913 1124 2954 Vereins
1141 2925 1195 2950 zu
1216 2911 1358 2950 Berlin
1381 2910 1549 2962 passim.

1012 2982 1059 3031 vi
