2014 3372
1357 157 1717 206 AENEIDOS
1756 157 1811 205 ΙΙ

144 310 276 357 pone
312 294 443 343 subit
479 294 707 343 coniunx.
780 293 981 343 ferimur
1015 312 1102 358 per
1137 311 1294 358 opaca
1329 297 1565 354 locorum,
1734 313 1810 356 725

144 384 193 423 et
229 391 322 434 me,
362 392 511 438 quem
547 376 740 424 dudum
776 392 878 423 non
915 377 1015 424 ulla
1049 374 1231 424 iniecta
1267 376 1535 424 movebant

143 458 240 504 tela
275 473 439 518 neque
474 457 681 504 adverso
717 455 973 519 glomerati
1009 473 1069 505 ex
1103 456 1300 520 agmine
1338 457 1468 517 Grai,

142 553 275 584 nunc
312 552 485 584 omnes
522 545 704 585 terrent
738 553 898 596 aurae,
940 554 1091 585 sonus
1129 537 1307 586 excitat
1342 537 1505 586 omnis

140 634 436 679 suspensum
473 627 521 666 et
556 617 735 680 pariter
771 617 1041 680 comitique
1078 618 1316 681 onerique
1351 618 1623 668 timentem.

140 697 338 760 iamque
376 697 772 761 propinquabam
809 698 962 762 portis
1000 716 1304 762 omnemque
1339 699 1544 749 videbar
1730 718 1809 762 730

139 778 351 827 evasisse
387 779 530 838 viam,
572 779 737 828 subito
774 797 890 828 cum
929 781 1098 829 creber
1134 782 1198 830 ad
1234 780 1362 829 auris

138 858 269 906 visus
308 860 481 907 adesse
517 861 703 922 pedum
741 860 945 920 sonitus,
984 861 1274 924 genitorque
1308 878 1397 925 per
1431 862 1658 911 umbram

138 939 441 1001 prospiciens
483 943 652 988 ‘nate'
691 943 931 990 exclamat
972 944 1127 1005 ‘fuge,
1167 951 1316 1002 nate;
1363 942 1711 1006 propinquant.

136 1020 351 1068 ardentis
389 1020 573 1083 clipeos
610 1030 759 1085 atque
796 1039 908 1071 aera
944 1022 1178 1071 micantia
1213 1025 1393 1071 cerno.'

137 1100 218 1149 hic
255 1101 375 1149 mihi
411 1102 578 1151 nescio
616 1105 754 1166 quod
791 1104 985 1167 trepido
1024 1106 1152 1153 male
1188 1121 1375 1152 numen
1411 1104 1630 1153 amicum
1727 1123 1802 1167 735

137 1184 395 1230 confusam
431 1183 607 1245 eripuit
646 1194 878 1233 mentem.
954 1202 1171 1247 namque
1207 1183 1315 1232 avia
1351 1201 1496 1233 cursu

135 1264 258 1311 dum
295 1281 474 1326 sequor
509 1274 558 1313 et
594 1275 714 1314 nota
751 1268 938 1315 excedo
975 1266 1174 1328 regione
1210 1265 1411 1323 viarum,

135 1346 233 1393 heu
270 1344 448 1393 misero
485 1346 701 1395 coniunx
737 1349 905 1395 fatone
941 1355 1108 1409 erepta
1145 1348 1332 1396 Creusa

134 1425 363 1485 substitit,
405 1426 644 1475 erravitne
680 1427 759 1475 via
795 1444 883 1476 seu
918 1429 1046 1476 lassa
1081 1426 1275 1486 resedit,

133 1507 375 1574 incertum
391 1527 405 1569 3
441 1527 533 1558 nec
568 1520 682 1572 post
719 1511 874 1559 oculis
911 1520 985 1559 est
1021 1510 1212 1559 reddita
1247 1510 1438 1560 nostris,
1725 1527 1802 1572 740

134 1606 226 1638 nec
262 1589 394 1653 prius
431 1590 663 1639 amissam
703 1591 893 1654 respexi
928 1591 1213 1639 animumve
1249 1591 1414 1640 reflexi

133 1687 283 1732 quam
321 1673 566 1719 tumulum
603 1671 836 1733 antiquae
875 1671 1066 1721 Cereris
1103 1673 1374 1734 sedemque
1410 1680 1651 1720 sacratam

132 1752 390 1801 venimus:
438 1753 519 1801 hic
556 1755 761 1802 demum
799 1754 1017 1803 collectis
1055 1753 1287 1803 omnibus
1325 1771 1424 1802 una

133 1834 301 1894 defuit,
343 1844 390 1883 et
426 1835 631 1884 comites
671 1845 944 1898 natumque
980 1836 1238 1898 virumque
1274 1835 1456 1884 fefellit.

132 1931 281 1976 quem
318 1933 420 1964 non
456 1915 676 1964 incusavi
714 1933 886 1965 amens
924 1916 1285 1979 hominumque
1321 1917 1644 1978 deorumque,
1721 1932 1795 1976 745

130 2004 215 2042 aut
252 1996 372 2058 quid
407 1997 458 2044 in
494 2014 662 2046 eversa
695 1997 797 2046 vidi
834 1997 1079 2045 crudelius
1116 1998 1276 2045 urbe?

131 2077 403 2125 Ascanium
438 2077 794 2140 Anchisenque
833 2087 1022 2140 patrem
1058 2079 1378 2139 Teucrosque
1414 2075 1605 2138 penatis

131 2159 431 2206 commendo
468 2157 613 2206 sociis
652 2168 700 2206 et
738 2175 886 2206 curva
921 2159 1046 2206 valle
1083 2158 1302 2205 recondo
1322 2175 1336 2217 3

129 2236 235 2299 ipse
271 2239 444 2287 urbem
480 2248 648 2302 repeto
687 2248 735 2287 et
772 2238 941 2302 cingor
977 2237 1277 2301 fulgentibus
1313 2236 1472 2285 armis.

131 2328 225 2367 stat
261 2337 402 2368 casus
438 2337 672 2368 renovare
710 2320 871 2368 omnis
910 2336 1211 2381 omnemque
1247 2317 1421 2366 reverti
1719 2334 1797 2378 750

130 2415 218 2460 per
253 2400 454 2448 Troiam
491 2410 539 2448 et
576 2417 739 2448 rursus
778 2409 926 2463 caput
963 2399 1211 2448 obiectare
1247 2397 1452 2461 periclis.

130 2479 371 2543 principio
409 2498 573 2529 muros
613 2466 922 2544 obscuraque
958 2480 1129 2528 limina
1164 2490 1348 2543 portae,

130 2577 228 2622 qua
263 2578 482 2624 gressum
520 2563 799 2620 extuleram,
839 2571 1008 2624 repeto
1046 2571 1094 2610 et
1130 2560 1333 2623 vestigia
1369 2569 1496 2608 retro

130 2641 387 2690 observata
423 2658 603 2704 sequor
638 2659 724 2705 per
759 2651 959 2690 noctem
998 2651 1046 2690 et
1082 2641 1269 2690 lumine
1305 2643 1488 2688 lustro:

130 2723 301 2771 horror
337 2722 522 2785 ubique
558 2723 738 2782 animo,
772 2710 926 2771 ‘simul
962 2722 1068 2785 ipsa
1104 2721 1297 2771 silentia
1336 2730 1529 2770 terrent.
1715 2737 1789 2781 755

187 2864 276 2902 725,
303 2855 381 2902 726
402 2851 554 2900 MPV;
595 2865 783 2902 727-755
811 2852 904 2891 MP
1136 2864 1212 2900 731
1246 2850 1373 2901 viam]
1403 2852 1537 2889 vicem
1566 2847 1796 2888 Markland

132 2909 211 2955 738
241 2908 326 2946 fato
348 2907 403 2945 mi
424 2907 592 2946 Ribbeck
720 2919 799 2956 739
828 2907 945 2956 lapsa
972 2907 1045 2944 M:
1086 2912 1206 2956 rapta
1236 2905 1327 2956 P¹7
1345 2906 1390 2944 in
1411 2905 1600 2956 margine
1712 2915 1787 2953 741

129 2961 399 3010 animumque
420 2961 536 2999 Ma¹c
753 2973 832 3011 749
862 2961 1072 2999 damnant
1095 2960 1335 3012 Peerlkamp
1347 2959 1518 2999 Ribbeck
1711 2968 1790 3008 755

129 3016 291 3054 animos
311 3014 402 3066 7²bc
418 3015 621 3055 deten‘ores
