2014 3372
221 127 288 174 P.
330 128 629 177 VERGILI
669 129 996 178 MARONIS

234 268 502 332 expediunt
538 270 818 332 fractosque
857 271 1028 333 legunt
1064 268 1115 318 in
1151 270 1340 335 gurgite
1376 287 1552 321 remos.

232 361 282 400 at
317 353 473 401 laetus
513 353 808 400 Mnestheus
849 369 1183 416 successuque
1219 353 1377 403 acrior
1413 354 1522 417 ipso
1833 375 1912 404 210

232 432 428 495 agmine
465 449 713 481 remorum
752 432 899 481 celeri
937 433 1197 497 ventisque
1234 434 1421 483 vocatis
1875 448 1877 450 “

232 530 389 576 prona
423 513 546 576 petit
582 512 735 561 maria
772 522 820 561 et
857 515 1035 577 pelago
1075 514 1289 564 decurrit
1326 524 1509 578 aperto.

232 595 389 658 qualis
427 597 664 660 spelunca
701 594 867 644 subito
906 605 1161 644 commota
1198 597 1444 656 columba,

232 676 311 725 cui
348 678 528 726 domus
565 686 614 726 et
650 678 822 726 dulces
861 672 1110 745 latzffliroso
1147 676 1204 739 in¹
1237 677 1606 741 Pumioennldjsr
1647 714 1797 741 mm„
1836 712 1883 741 ω

230 760 380 807 fertur
416 758 467 806 in
502 776 616 807 arva
651 760 824 807 volans
865 748 1195 821 plausumque
1235 758 1460 807 exterrita
1495 758 1674 823 pennis
1746 774 1752 780 ·
1799 778 1804 782 ·
1831 778 1908 819 215

230 841 316 888 dat
352 849 484 889 tecto
521 840 786 904 ingentem,
829 858 946 890 mox
982 844 1094 891 aere
1133 843 1271 905 lapsa
1310 841 1480 905 quieto

229 921 356 971 radit
392 922 483 971 iter
518 923 764 986 liquidum
803 924 974 973 celeris
1012 940 1176 986 neque
1216 933 1499 972 commovet
1535 925 1666 973 alas:

230 1003 300 1052 sic
339 1007 648 1065 MnestheuS,
685 1005 755 1054 sic
792 1005 899 1069 ipsa
935 1008 1051 1069 fuga
1089 1014 1223 1054 secat
1260 1004 1434 1053 ultima
1471 1005 1639 1054 Pristis

229 1103 458 1150 aequora,
499 1087 568 1135 sic
604 1087 738 1136 illam
776 1090 868 1137 fert
905 1087 1120 1150 impetus
1159 1087 1265 1150 ipse
1302 1088 1565 1136 volantem.

230 1177 278 1217 et
314 1168 529 1231 primum
566 1169 617 1216 in
655 1171 862 1232 scopulo
900 1171 1173 1221 luctantem
1212 1168 1393 1217 deserit
1429 1171 1530 1217 alto
1831 1188 1910 1218 220

230 1253 513 1315 Sergestum
551 1251 885 1315 brevibusque
922 1251 1061 1300 vadis
1101 1253 1376 1315 frustraque
1413 1260 1677 1305 vocantem

229 1333 408 1382 auxilia
445 1343 493 1382 et
530 1333 694 1383 fractis
735 1334 1012 1383 discentem
1050 1351 1242 1383 currere
1279 1334 1439 1383 remis.

230 1414 347 1463 inde
386 1417 529 1478 Gyan
566 1415 827 1478 ipsamque
864 1415 1052 1478 ingenti
1089 1418 1222 1465 mole
1260 1416 1577 1466 Chimaeram

230 1496 580 1560 consequitur3
630 1496 776 1556 cedit,
810 1496 1049 1560 quoniam
1087 1496 1296 1559 spoliata
1333 1497 1565 1561 magistro
1601 1507 1688 1548 est.

299 1580 443 1628 Solus
480 1578 680 1642 iamque
716 1578 826 1641 ipso
864 1587 1087 1641 superest
1123 1578 1175 1626 in
1211 1580 1310 1627 fine
1349 1580 1656 1629 Cloanthus:
1829 1598 1908 1641 225

231 1677 381 1723 quem
418 1660 541 1723 petit
578 1669 626 1709 et
665 1659 871 1708 summis
908 1659 1118 1708 adnixus
1156 1659 1340 1708 viribus
1378 1670 1528 1725 urget.

230 1751 337 1790 tum
373 1759 490 1791 vero
527 1741 799 1805 ingeminat
839 1743 1026 1791 clamor
1063 1741 1331 1804 cunctique
1368 1752 1660 1805 sequentem

229 1823 463 1887 instigant
500 1823 690 1883 studiis,
731 1832 1030 1886 resonatque
1068 1823 1341 1886 fragoribus
1377 1826 1560 1874 aether.

230 1905 281 1953 hi
317 1905 572 1969 proprium
610 1907 764 1954 decus
802 1913 850 1953 et
887 1914 1083 1967 partum
1122 1904 1442 1967 indignantur
1479 1908 1722 1956 honorem

230 1986 281 2034 ni
318 1996 532 2046 teneant,
571 1986 823 2049 vitamque
860 1988 1033 2034 volunt
1069 2003 1159 2049 pro
1197 1988 1344 2036 laude
1382 1988 1567 2051 pacisci
1584 2006 1598 2049 3
1827 2006 1908 2048 230

230 2070 322 2117 hos
359 2085 616 2118 successus
653 2068 767 2117 alit:
811 2077 1032 2132 possunt,
1074 2068 1192 2131 quia
1228 2086 1376 2132 posse
1414 2069 1656 2119 videntur.

230 2160 279 2200 et
314 2153 412 2200 fors
448 2150 671 2214 aequatis
708 2149 955 2213 cepissent
991 2151 1211 2214 praemia
1248 2153 1429 2213 rostris,

230 2232 282 2280 ni
317 2235 506 2295 palmas
543 2241 700 2295 ponto
737 2234 948 2281 tendens
988 2242 1221 2297 utrasque
1261 2237 1538 2286 Cloanthus

230 2314 537 2378 fudissetque
573 2330 744 2378 preces
782 2313 1023 2378 divosque
1061 2315 1112 2364 in
1149 2322 1288 2366 vota
1300 2326 1554 2367 vocasset.

234 2395 326 2455 ‘di,
350 2395 567 2459 quibus
555 2395 817 2459 imperium
843 2405 916 2445 est
942 2396 1115 2461 pelagi,
1139 2404 1352 2461 quorum
1376 2404 1593 2462 aequora
1616 2414 1771 2458 curro,
1824 2402 1902 2459 23'5

230 2477 371 2526 vobis
407 2480 563 2526 laetus
601 2494 693 2541 ego
729 2479 826 2526 hoc
864 2479 1164 2528 candentem
1200 2479 1251 2527 in
1287 2479 1429 2529 litore
1465 2489 1658 2529 taurum

231 2560 530 2609 constituam
565 2570 680 2609 ante
715 2577 822 2609 aras
861 2560 964 2609 voti
1002 2577 1126 2620 reuS,
1168 2570 1377 2624 extaque
1414 2564 1568 2611 salsos

230 2641 468 2705 proiciam
504 2641 555 2689 in
592 2643 771 2690 fluctus
810 2650 858 2690 et
894 2640 1008 2690 vina
1043 2641 1282 2704 liquentia
1317 2644 1555 2692 fundam.'

232 2723 365 2783 dixit,
407 2740 623 2786 eumque
661 2722 772 2771 imis
810 2722 903 2771 sub
941 2722 1173 2771 fiuctibus
1208 2723 1366 2772 audiit
1402 2723 1564 2773 omnis

287 2861 368 2900 209
379 2861 475 2899 -239
497 2848 627 2887 MPR
784 2862 862 2888 212
893 2848 1070 2902 pelago]
1091 2850 1211 2890 caelo
1233 2850 1521 2901 Quintilianus
1627 2828 1733 2888 *226⁷
1753 2849 1907 2891 enixus

231 2902 300 2954 Ργ
490 2905 571 2944 228
602 2910 776 2943 resonat
807 2905 1059 2944 clamoribus
1087 2903 1185 2955 Ργπ
1382 2918 1461 2956 235
1491 2904 1630 2955 pelagi
1660 2911 1726 2944 est
1747 2903 1907 2953 M²Rcrr

233 2970 418 3007 aequore
439 2957 512 3009 R7
751 2959 832 3008 238
861 2959 1064 3009 poriciam
1086 2958 1179 2998 W:
1211 2960 1439 3011 porriciam
1459 2958 1701 3011 Macrobius,
1726 2959 1908 3010 agnoseit

233 3010 346 3052 Serv.
463 3011 524 3063 et]
546 3024 595 3052 ac
615 3012 708 3064 P7b
