<?xml version="1.0" encoding="UTF-8"?>
<!DOCTYPE html PUBLIC "-//W3C//DTD XHTML 1.0 Transitional//EN"
    "http://www.w3.org/TR/xhtml1/DTD/xhtml1-transitional.dtd">
<html xmlns="http://www.w3.org/1999/xhtml" xml:lang="en" lang="en">
 <head>
  <title>
</title>
<meta http-equiv="Content-Type" content="text/html;charset=utf-8" />
  <meta name='ocr-system' content='tesseract 3.04.00' />
  <meta name='ocr-capabilities' content='ocr_page ocr_carea ocr_par ocr_line ocrx_word'/>
</head>
<body>
  <div class='ocr_page' id='page_1' title='image "./operarecognovitb00virguoft_0283.png"; bbox 0 0 2014 3372; ppageno 0'>
   <div class='ocr_carea' id='block_1_1' title="bbox 1353 163 1827 213">
    <p class='ocr_par' dir='ltr' id='par_1_1' title="bbox 1353 163 1827 213">
     <span class='ocr_line' id='line_1_1' title="bbox 1353 163 1827 213; baseline 0.004 -3"><span class='ocrx_word' id='word_1_1' title='bbox 1353 163 1715 213; x_wconf 89' lang='lat' dir='ltr'>AENEIDOS</span> <span class='ocrx_word' id='word_1_2' title='bbox 1751 164 1827 212; x_wconf 91' lang='lat' dir='ltr'><strong>VI</strong></span> 
     </span>
    </p>
   </div>
   <div class='ocr_carea' id='block_1_2' title="bbox 148 303 1827 2728">
    <p class='ocr_par' dir='ltr' id='par_1_2' title="bbox 159 303 1403 368">
     <span class='ocr_line' id='line_1_2' title="bbox 159 303 1403 368; baseline -0.001 -14"><span class='ocrx_word' id='word_1_3' title='bbox 159 304 273 354; x_wconf 88' lang='lat' dir='ltr'>felix</span> <span class='ocrx_word' id='word_1_4' title='bbox 307 307 445 368; x_wconf 90' lang='lat' dir='ltr'><strong>prole</strong></span> <span class='ocrx_word' id='word_1_5' title='bbox 480 303 671 353; x_wconf 87' lang='lat' dir='ltr'><strong>virum:</strong></span> <span class='ocrx_word' id='word_1_6' title='bbox 721 303 879 367; x_wconf 90' lang='lat' dir='ltr'><strong>qualis</strong></span> <span class='ocrx_word' id='word_1_7' title='bbox 917 303 1211 367; x_wconf 91' lang='lat' dir='ltr'><strong>Berecyntia</strong></span> <span class='ocrx_word' id='word_1_8' title='bbox 1246 313 1403 353; x_wconf 91' lang='lat' dir='ltr'><strong>mater</strong></span> 
     </span>
    </p>

    <p class='ocr_par' dir='ltr' id='par_1_3' title="bbox 158 385 1826 529">
     <span class='ocr_line' id='line_1_3' title="bbox 158 385 1826 448; baseline 0 -14"><span class='ocrx_word' id='word_1_9' title='bbox 158 385 404 434; x_wconf 91' lang='lat' dir='ltr'><strong>invehitur</strong></span> <span class='ocrx_word' id='word_1_10' title='bbox 440 402 583 434; x_wconf 90' lang='lat' dir='ltr'><strong>curru</strong></span> <span class='ocrx_word' id='word_1_11' title='bbox 619 385 854 448; x_wconf 88' lang='lat' dir='ltr'><strong>Phrygias</strong></span> <span class='ocrx_word' id='word_1_12' title='bbox 891 385 1062 434; x_wconf 90' lang='lat' dir='ltr'><strong>turrita</strong></span> <span class='ocrx_word' id='word_1_13' title='bbox 1097 402 1184 448; x_wconf 94' lang='lat' dir='ltr'><strong>per</strong></span> <span class='ocrx_word' id='word_1_14' title='bbox 1219 386 1366 435; x_wconf 92' lang='lat' dir='ltr'><strong>urbes</strong></span> <span class='ocrx_word' id='word_1_15' title='bbox 1751 396 1826 447; x_wconf 87' lang='lat'><strong>785</strong></span> 
     </span>
     <span class='ocr_line' id='line_1_4' title="bbox 158 468 1464 529; baseline 0.001 -15"><span class='ocrx_word' id='word_1_16' title='bbox 158 468 287 515; x_wconf 86' lang='lat' dir='ltr'><strong>laeta</strong></span> <span class='ocrx_word' id='word_1_17' title='bbox 309 468 473 516; x_wconf 74' lang='lat' dir='ltr'><strong>vdeum</strong></span> <span class='ocrx_word' id='word_1_18' title='bbox 509 474 666 529; x_wconf 91' lang='lat' dir='ltr'><strong>partu,</strong></span> <span class='ocrx_word' id='word_1_19' title='bbox 705 475 908 514; x_wconf 89' lang='lat' dir='ltr'><strong>centum</strong></span> <span class='ocrx_word' id='word_1_20' title='bbox 945 468 1204 529; x_wconf 88' lang='lat' dir='ltr'><strong>complexa</strong></span> <span class='ocrx_word' id='word_1_21' title='bbox 1240 475 1464 529; x_wconf 83' lang='lat' dir='ltr'><strong>nepotes,</strong></span> 
     </span>
    </p>

    <p class='ocr_par' dir='ltr' id='par_1_4' title="bbox 158 546 1442 609">
     <span class='ocr_line' id='line_1_5' title="bbox 158 546 1442 609; baseline 0.001 -14"><span class='ocrx_word' id='word_1_22' title='bbox 158 547 320 595; x_wconf 92' lang='lat' dir='ltr'><strong>omnis</strong></span> <span class='ocrx_word' id='word_1_23' title='bbox 358 547 630 606; x_wconf 88' lang='lat' dir='ltr'><strong>caelicolas,</strong></span> <span class='ocrx_word' id='word_1_24' title='bbox 670 546 833 595; x_wconf 90' lang='lat' dir='ltr'><strong>omnis</strong></span> <span class='ocrx_word' id='word_1_25' title='bbox 869 563 1046 609; x_wconf 89' lang='lat' dir='ltr'><strong>supera</strong></span> <span class='ocrx_word' id='word_1_26' title='bbox 1081 549 1180 595; x_wconf 88' lang='lat' dir='ltr'><strong>alta</strong></span> <span class='ocrx_word' id='word_1_27' title='bbox 1215 547 1442 597; x_wconf 90' lang='lat' dir='ltr'><strong>tenentis.</strong></span> 
     </span>
    </p>

    <p class='ocr_par' dir='ltr' id='par_1_5' title="bbox 157 627 1648 772">
     <span class='ocr_line' id='line_1_6' title="bbox 157 627 1648 692; baseline 0.002 -17"><span class='ocrx_word' id='word_1_28' title='bbox 157 629 255 676; x_wconf 92' lang='lat' dir='ltr'><strong>huc</strong></span> <span class='ocrx_word' id='word_1_29' title='bbox 290 627 511 691; x_wconf 87' lang='lat' dir='ltr'><strong>geminas</strong></span> <span class='ocrx_word' id='word_1_30' title='bbox 548 644 682 676; x_wconf 90' lang='lat' dir='ltr'><strong>nunc</strong></span> <span class='ocrx_word' id='word_1_31' title='bbox 718 630 862 677; x_wconf 89' lang='lat' dir='ltr'><strong>flecte</strong></span> <span class='ocrx_word' id='word_1_32' title='bbox 897 628 1042 687; x_wconf 89' lang='lat' dir='ltr'><strong>acies,</strong></span> <span class='ocrx_word' id='word_1_33' title='bbox 1082 629 1211 677; x_wconf 91' lang='lat' dir='ltr'><strong>hanc</strong></span> <span class='ocrx_word' id='word_1_34' title='bbox 1247 628 1414 692; x_wconf 87' lang='lat' dir='ltr'>aspice</span> <span class='ocrx_word' id='word_1_35' title='bbox 1448 636 1648 692; x_wconf 82' lang='lat' dir='ltr'><strong>gentem</strong></span> 
     </span>
     <span class='ocr_line' id='line_1_7' title="bbox 158 709 1469 772; baseline 0.002 -16"><span class='ocrx_word' id='word_1_36' title='bbox 158 711 516 772; x_wconf 89' lang='lat' dir='ltr'><strong>Romanosque</strong></span> <span class='ocrx_word' id='word_1_37' title='bbox 552 718 676 757; x_wconf 91' lang='lat' dir='ltr'><strong>tuos.</strong></span> <span class='ocrx_word' id='word_1_38' title='bbox 750 709 831 757; x_wconf 91' lang='lat' dir='ltr'><strong>hic</strong></span> <span class='ocrx_word' id='word_1_39' title='bbox 869 710 1051 759; x_wconf 89' lang='lat' dir='ltr'><strong>Caesar</strong></span> <span class='ocrx_word' id='word_1_40' title='bbox 1087 718 1135 758; x_wconf 93' lang='lat' dir='ltr'><strong>et</strong></span> <span class='ocrx_word' id='word_1_41' title='bbox 1171 709 1334 759; x_wconf 90' lang='lat' dir='ltr'><strong>omnis</strong></span> <span class='ocrx_word' id='word_1_42' title='bbox 1372 709 1469 759; x_wconf 87' lang='lat' dir='ltr'><strong>Iuli</strong></span> 
     </span>
    </p>

    <p class='ocr_par' dir='ltr' id='par_1_6' title="bbox 156 790 1827 1020">
     <span class='ocr_line' id='line_1_8' title="bbox 156 790 1827 854; baseline 0.001 -16"><span class='ocrx_word' id='word_1_43' title='bbox 156 790 415 854; x_wconf 90' lang='lat' dir='ltr'><strong>progenies</strong></span> <span class='ocrx_word' id='word_1_44' title='bbox 452 807 687 854; x_wconf 89' lang='lat' dir='ltr'><strong>magnum</strong></span> <span class='ocrx_word' id='word_1_45' title='bbox 724 790 848 839; x_wconf 90' lang='lat' dir='ltr'><strong>caeli</strong></span> <span class='ocrx_word' id='word_1_46' title='bbox 883 799 1089 839; x_wconf 90' lang='lat' dir='ltr'><strong>ventura</strong></span> <span class='ocrx_word' id='word_1_47' title='bbox 1124 792 1219 840; x_wconf 93' lang='lat' dir='ltr'><strong>sub</strong></span> <span class='ocrx_word' id='word_1_48' title='bbox 1255 808 1410 840; x_wconf 86' lang='lat' dir='ltr'>axem.</span> <span class='ocrx_word' id='word_1_49' title='bbox 1749 807 1827 853; x_wconf 75' lang='lat'><strong>790</strong></span> 
     </span>
     <span class='ocr_line' id='line_1_9' title="bbox 156 868 1598 938; baseline 0.002 -17"><span class='ocrx_word' id='word_1_50' title='bbox 156 868 238 922; x_wconf 90' lang='lat' dir='ltr'><strong>hic</strong></span> <span class='ocrx_word' id='word_1_51' title='bbox 273 874 357 934; x_wconf 91' lang='lat' dir='ltr'><strong>vir,</strong></span> <span class='ocrx_word' id='word_1_52' title='bbox 396 873 477 922; x_wconf 93' lang='lat' dir='ltr'><strong>hic</strong></span> <span class='ocrx_word' id='word_1_53' title='bbox 513 883 599 934; x_wconf 86' lang='lat' dir='ltr'><strong>est,</strong></span> <span class='ocrx_word' id='word_1_54' title='bbox 639 874 729 923; x_wconf 91' lang='lat' dir='ltr'><strong>tibi</strong></span> <span class='ocrx_word' id='word_1_55' title='bbox 765 891 915 936; x_wconf 93' lang='lat' dir='ltr'><strong>quem</strong></span> <span class='ocrx_word' id='word_1_56' title='bbox 952 874 1174 936; x_wconf 86' lang='lat' dir='ltr'>promitti</span> <span class='ocrx_word' id='word_1_57' title='bbox 1211 874 1405 938; x_wconf 89' lang='lat' dir='ltr'><strong>saepius</strong></span> <span class='ocrx_word' id='word_1_58' title='bbox 1441 874 1598 935; x_wconf 89' lang='lat' dir='ltr'><strong>audis,</strong></span> 
     </span>
     <span class='ocr_line' id='line_1_10' title="bbox 156 956 1392 1020; baseline 0.002 -16"><span class='ocrx_word' id='word_1_59' title='bbox 156 960 409 1020; x_wconf 88' lang='lat' dir='ltr'><strong>Augustus</strong></span> <span class='ocrx_word' id='word_1_60' title='bbox 446 958 641 1017; x_wconf 87' lang='lat' dir='ltr'><strong>Caesar,</strong></span> <span class='ocrx_word' id='word_1_61' title='bbox 681 956 782 1006; x_wconf 89' lang='lat' dir='ltr'><strong>divi</strong></span> <span class='ocrx_word' id='word_1_62' title='bbox 816 973 986 1020; x_wconf 86' lang='lat' dir='ltr'><strong>genus,</strong></span> <span class='ocrx_word' id='word_1_63' title='bbox 1024 975 1172 1007; x_wconf 91' lang='lat' dir='ltr'><strong>aurea</strong></span> <span class='ocrx_word' id='word_1_64' title='bbox 1208 960 1392 1007; x_wconf 93' lang='lat' dir='ltr'><strong>condet</strong></span> 
     </span>
    </p>

    <p class='ocr_par' dir='ltr' id='par_1_7' title="bbox 156 1038 1361 1103">
     <span class='ocr_line' id='line_1_11' title="bbox 156 1038 1361 1103; baseline 0.002 -17"><span class='ocrx_word' id='word_1_65' title='bbox 156 1041 352 1087; x_wconf 90' lang='lat' dir='ltr'><strong>saecula</strong></span> <span class='ocrx_word' id='word_1_66' title='bbox 387 1038 473 1102; x_wconf 81' lang='lat' dir='ltr'><strong>qui</strong></span> <span class='ocrx_word' id='word_1_67' title='bbox 507 1056 671 1088; x_wconf 90' lang='lat' dir='ltr'><strong>rursus</strong></span> <span class='ocrx_word' id='word_1_68' title='bbox 709 1039 853 1088; x_wconf 91' lang='lat' dir='ltr'><strong>Latio</strong></span> <span class='ocrx_word' id='word_1_69' title='bbox 889 1048 1090 1103; x_wconf 89' lang='lat' dir='ltr'><strong>regnata</strong></span> <span class='ocrx_word' id='word_1_70' title='bbox 1124 1057 1212 1103; x_wconf 91' lang='lat' dir='ltr'><strong>per</strong></span> <span class='ocrx_word' id='word_1_71' title='bbox 1246 1057 1361 1089; x_wconf 89' lang='lat' dir='ltr'><strong>arva</strong></span> 
     </span>
    </p>

    <p class='ocr_par' dir='ltr' id='par_1_8' title="bbox 155 1122 1823 1347">
     <span class='ocr_line' id='line_1_12' title="bbox 156 1122 1590 1184; baseline 0.003 -16"><span class='ocrx_word' id='word_1_72' title='bbox 156 1122 367 1169; x_wconf 90' lang='lat' dir='ltr'><strong>Saturno</strong></span> <span class='ocrx_word' id='word_1_73' title='bbox 404 1123 674 1184; x_wconf 91' lang='lat' dir='ltr'><strong>quondam,</strong></span> <span class='ocrx_word' id='word_1_74' title='bbox 714 1138 860 1184; x_wconf 93' lang='lat' dir='ltr'><strong>super</strong></span> <span class='ocrx_word' id='word_1_75' title='bbox 896 1131 945 1170; x_wconf 94' lang='lat' dir='ltr'><strong>et</strong></span> <span class='ocrx_word' id='word_1_76' title='bbox 983 1124 1308 1171; x_wconf 83' lang='lat' dir='ltr'>Garamantas</span> <span class='ocrx_word' id='word_1_77' title='bbox 1346 1131 1394 1170; x_wconf 93' lang='lat' dir='ltr'><strong>et</strong></span> <span class='ocrx_word' id='word_1_78' title='bbox 1432 1124 1590 1172; x_wconf 92' lang='lat' dir='ltr'>Indos</span> 
     </span>
     <span class='ocr_line' id='line_1_13' title="bbox 155 1203 1823 1268; baseline 0.001 -17"><span class='ocrx_word' id='word_1_79' title='bbox 155 1205 368 1266; x_wconf 91' lang='lat' dir='ltr'><strong>proferet</strong></span> <span class='ocrx_word' id='word_1_80' title='bbox 404 1203 701 1266; x_wconf 81' lang='lat' dir='ltr'><strong>imperium3</strong></span> <span class='ocrx_word' id='word_1_81' title='bbox 747 1203 874 1252; x_wconf 91' lang='lat' dir='ltr'><strong>iacet</strong></span> <span class='ocrx_word' id='word_1_82' title='bbox 911 1213 1045 1252; x_wconf 88' lang='lat' dir='ltr'><strong>extra</strong></span> <span class='ocrx_word' id='word_1_83' title='bbox 1080 1204 1241 1253; x_wconf 91' lang='lat' dir='ltr'><strong>sidera</strong></span> <span class='ocrx_word' id='word_1_84' title='bbox 1277 1206 1435 1264; x_wconf 90' lang='lat' dir='ltr'><strong>tellus,</strong></span> <span class='ocrx_word' id='word_1_85' title='bbox 1748 1223 1823 1268; x_wconf 85' lang='lat'><strong>795</strong></span> 
     </span>
     <span class='ocr_line' id='line_1_14' title="bbox 155 1283 1382 1347; baseline 0.002 -16"><span class='ocrx_word' id='word_1_86' title='bbox 155 1293 289 1332; x_wconf 88' lang='lat' dir='ltr'><strong>extra</strong></span> <span class='ocrx_word' id='word_1_87' title='bbox 324 1284 442 1332; x_wconf 89' lang='lat' dir='ltr'><strong>anni</strong></span> <span class='ocrx_word' id='word_1_88' title='bbox 479 1284 696 1347; x_wconf 91' lang='lat' dir='ltr'><strong>solisque</strong></span> <span class='ocrx_word' id='word_1_89' title='bbox 732 1283 849 1344; x_wconf 87' lang='lat' dir='ltr'><strong>vias,</strong></span> <span class='ocrx_word' id='word_1_90' title='bbox 888 1284 975 1333; x_wconf 92' lang='lat' dir='ltr'><strong>ubi</strong></span> <span class='ocrx_word' id='word_1_91' title='bbox 1010 1284 1207 1333; x_wconf 85' lang='lat' dir='ltr'><strong>caelifer</strong></span> <span class='ocrx_word' id='word_1_92' title='bbox 1241 1287 1382 1334; x_wconf 89' lang='lat' dir='ltr'><strong>Atlas</strong></span> 
     </span>
    </p>

    <p class='ocr_par' dir='ltr' id='par_1_9' title="bbox 154 1365 1470 1430">
     <span class='ocr_line' id='line_1_15' title="bbox 154 1365 1470 1430; baseline 0.002 -16"><span class='ocrx_word' id='word_1_93' title='bbox 154 1383 297 1414; x_wconf 83' lang='lat' dir='ltr'><strong>axem</strong></span> <span class='ocrx_word' id='word_1_94' title='bbox 334 1383 505 1415; x_wconf 91' lang='lat' dir='ltr'><strong>umero</strong></span> <span class='ocrx_word' id='word_1_95' title='bbox 542 1375 738 1429; x_wconf 90' lang='lat' dir='ltr'><strong>torquet</strong></span> <span class='ocrx_word' id='word_1_96' title='bbox 774 1365 925 1415; x_wconf 86' lang='lat' dir='ltr'><strong>stellis</strong></span> <span class='ocrx_word' id='word_1_97' title='bbox 961 1366 1250 1415; x_wconf 85' lang='lat' dir='ltr'><strong>ardentibus</strong></span> <span class='ocrx_word' id='word_1_98' title='bbox 1286 1376 1470 1430; x_wconf 89' lang='lat' dir='ltr'><strong>aptum.</strong></span> 
     </span>
    </p>

    <p class='ocr_par' dir='ltr' id='par_1_10' title="bbox 154 1447 1489 1512">
     <span class='ocr_line' id='line_1_16' title="bbox 154 1447 1489 1512; baseline 0.001 -17"><span class='ocrx_word' id='word_1_99' title='bbox 154 1447 300 1496; x_wconf 92' lang='lat' dir='ltr'><strong>huius</strong></span> <span class='ocrx_word' id='word_1_100' title='bbox 337 1448 387 1495; x_wconf 90' lang='lat' dir='ltr'><strong>in</strong></span> <span class='ocrx_word' id='word_1_101' title='bbox 423 1449 691 1496; x_wconf 88' lang='lat' dir='ltr'><strong>adventum</strong></span> <span class='ocrx_word' id='word_1_102' title='bbox 729 1447 828 1495; x_wconf 89' lang='lat' dir='ltr'><strong>iam</strong></span> <span class='ocrx_word' id='word_1_103' title='bbox 866 1464 1001 1496; x_wconf 92' lang='lat' dir='ltr'><strong>nunc</strong></span> <span class='ocrx_word' id='word_1_104' title='bbox 1037 1457 1086 1496; x_wconf 91' lang='lat' dir='ltr'><strong>et</strong></span> <span class='ocrx_word' id='word_1_105' title='bbox 1122 1447 1304 1511; x_wconf 91' lang='lat' dir='ltr'><strong>Caspia</strong></span> <span class='ocrx_word' id='word_1_106' title='bbox 1338 1465 1489 1512; x_wconf 87' lang='lat' dir='ltr'><strong>regna</strong></span> 
     </span>
    </p>

    <p class='ocr_par' dir='ltr' id='par_1_11' title="bbox 154 1528 1381 1591">
     <span class='ocr_line' id='line_1_17' title="bbox 154 1528 1381 1591; baseline 0.002 -16"><span class='ocrx_word' id='word_1_107' title='bbox 154 1528 400 1591; x_wconf 82' lang='lat' dir='ltr'><strong>responsis</strong></span> <span class='ocrx_word' id='word_1_108' title='bbox 438 1530 638 1577; x_wconf 90' lang='lat' dir='ltr'><strong>horrent</strong></span> <span class='ocrx_word' id='word_1_109' title='bbox 674 1528 843 1577; x_wconf 90' lang='lat' dir='ltr'><strong>divum</strong></span> <span class='ocrx_word' id='word_1_110' title='bbox 880 1538 930 1577; x_wconf 92' lang='lat' dir='ltr'><strong>et</strong></span> <span class='ocrx_word' id='word_1_111' title='bbox 967 1529 1187 1577; x_wconf 88' lang='lat' dir='ltr'><strong>Maeotia</strong></span> <span class='ocrx_word' id='word_1_112' title='bbox 1222 1531 1381 1589; x_wconf 90' lang='lat' dir='ltr'><strong>tellus,</strong></span> 
     </span>
    </p>

    <p class='ocr_par' dir='ltr' id='par_1_12' title="bbox 153 1609 1825 1752">
     <span class='ocr_line' id='line_1_18' title="bbox 153 1609 1825 1674; baseline 0.002 -16"><span class='ocrx_word' id='word_1_113' title='bbox 153 1619 202 1658; x_wconf 93' lang='lat' dir='ltr'><strong>et</strong></span> <span class='ocrx_word' id='word_1_114' title='bbox 239 1609 615 1674; x_wconf 86' lang='lat' dir='ltr'><strong>septemgemini</strong></span> <span class='ocrx_word' id='word_1_115' title='bbox 651 1611 850 1658; x_wconf 88' lang='lat' dir='ltr'><strong>turbant</strong></span> <span class='ocrx_word' id='word_1_116' title='bbox 886 1610 1078 1673; x_wconf 91' lang='lat' dir='ltr'><strong>trepida</strong></span> <span class='ocrx_word' id='word_1_117' title='bbox 1114 1609 1239 1658; x_wconf 91' lang='lat' dir='ltr'><strong>ostia</strong></span> <span class='ocrx_word' id='word_1_118' title='bbox 1275 1610 1390 1659; x_wconf 92' lang='lat' dir='ltr'><strong>Nili.</strong></span> <span class='ocrx_word' id='word_1_119' title='bbox 1742 1623 1825 1662; x_wconf 91' lang='lat'><strong>800</strong></span> 
     </span>
     <span class='ocr_line' id='line_1_19' title="bbox 153 1691 1290 1752; baseline 0.002 -14"><span class='ocrx_word' id='word_1_120' title='bbox 153 1707 245 1739; x_wconf 91' lang='lat' dir='ltr'><strong>nec</strong></span> <span class='ocrx_word' id='word_1_121' title='bbox 280 1708 396 1740; x_wconf 91' lang='lat' dir='ltr'><strong>vero</strong></span> <span class='ocrx_word' id='word_1_122' title='bbox 432 1691 634 1740; x_wconf 89' lang='lat' dir='ltr'><strong>Alcides</strong></span> <span class='ocrx_word' id='word_1_123' title='bbox 671 1700 863 1740; x_wconf 91' lang='lat' dir='ltr'><strong>tantum</strong></span> <span class='ocrx_word' id='word_1_124' title='bbox 900 1692 1084 1740; x_wconf 89' lang='lat' dir='ltr'><strong>telluris</strong></span> <span class='ocrx_word' id='word_1_125' title='bbox 1122 1691 1290 1752; x_wconf 89' lang='lat' dir='ltr'><strong>obivit,</strong></span> 
     </span>
    </p>

    <p class='ocr_par' dir='ltr' id='par_1_13' title="bbox 152 1773 1471 1836">
     <span class='ocr_line' id='line_1_20' title="bbox 152 1773 1471 1836; baseline 0.002 -16"><span class='ocrx_word' id='word_1_126' title='bbox 152 1773 308 1821; x_wconf 86' lang='lat' dir='ltr'><strong>fixerit</strong></span> <span class='ocrx_word' id='word_1_127' title='bbox 342 1773 625 1836; x_wconf 90' lang='lat' dir='ltr'><strong>aeripedem</strong></span> <span class='ocrx_word' id='word_1_128' title='bbox 662 1790 856 1822; x_wconf 91' lang='lat' dir='ltr'><strong>cervam</strong></span> <span class='ocrx_word' id='word_1_129' title='bbox 892 1774 1020 1833; x_wconf 85' lang='lat' dir='ltr'><strong>licet,</strong></span> <span class='ocrx_word' id='word_1_130' title='bbox 1058 1783 1143 1822; x_wconf 91' lang='lat' dir='ltr'><strong>aut</strong></span> <span class='ocrx_word' id='word_1_131' title='bbox 1180 1774 1471 1836; x_wconf 85' lang='lat' dir='ltr'><strong>Erymanthi</strong></span> 
     </span>
    </p>

    <p class='ocr_par' dir='ltr' id='par_1_14' title="bbox 152 1853 1460 1916">
     <span class='ocr_line' id='line_1_21' title="bbox 152 1853 1460 1916; baseline 0.002 -15"><span class='ocrx_word' id='word_1_132' title='bbox 152 1853 336 1916; x_wconf 83' lang='lat' dir='ltr'><strong>pacarit</strong></span> <span class='ocrx_word' id='word_1_133' title='bbox 372 1871 576 1903; x_wconf 91' lang='lat' dir='ltr'><strong>nemora</strong></span> <span class='ocrx_word' id='word_1_134' title='bbox 612 1863 661 1903; x_wconf 93' lang='lat' dir='ltr'><strong>et</strong></span> <span class='ocrx_word' id='word_1_135' title='bbox 698 1857 911 1903; x_wconf 91' lang='lat' dir='ltr'><strong>Lernam</strong></span> <span class='ocrx_word' id='word_1_136' title='bbox 948 1854 1274 1903; x_wconf 90' lang='lat' dir='ltr'><strong>tremefecerit</strong></span> <span class='ocrx_word' id='word_1_137' title='bbox 1309 1872 1460 1916; x_wconf 81' lang='lat' dir='ltr'><strong>areu3</strong></span> 
     </span>
    </p>

    <p class='ocr_par' dir='ltr' id='par_1_15' title="bbox 152 1935 1449 1999">
     <span class='ocr_line' id='line_1_22' title="bbox 152 1935 1449 1999; baseline 0.002 -17"><span class='ocrx_word' id='word_1_138' title='bbox 152 1951 244 1983; x_wconf 92' lang='lat' dir='ltr'><strong>nec</strong></span> <span class='ocrx_word' id='word_1_139' title='bbox 282 1935 366 1998; x_wconf 88' lang='lat' dir='ltr'><strong>qui</strong></span> <span class='ocrx_word' id='word_1_140' title='bbox 402 1935 678 1999; x_wconf 91' lang='lat' dir='ltr'><strong>pampineis</strong></span> <span class='ocrx_word' id='word_1_141' title='bbox 714 1936 870 1984; x_wconf 90' lang='lat' dir='ltr'><strong>victor</strong></span> <span class='ocrx_word' id='word_1_142' title='bbox 904 1935 1017 1999; x_wconf 87' lang='lat' dir='ltr'><strong>iuga</strong></span> <span class='ocrx_word' id='word_1_143' title='bbox 1052 1935 1205 1984; x_wconf 88' lang='lat' dir='ltr'><strong>flectit</strong></span> <span class='ocrx_word' id='word_1_144' title='bbox 1241 1936 1449 1985; x_wconf 90' lang='lat' dir='ltr'><strong>habenis</strong></span> 
     </span>
    </p>

    <p class='ocr_par' dir='ltr' id='par_1_16' title="bbox 151 2015 1819 2157">
     <span class='ocr_line' id='line_1_23' title="bbox 151 2015 1819 2081; baseline 0.003 -18"><span class='ocrx_word' id='word_1_145' title='bbox 151 2015 311 2075; x_wconf 91' lang='lat' dir='ltr'><strong>Liber,</strong></span> <span class='ocrx_word' id='word_1_146' title='bbox 351 2033 501 2080; x_wconf 86' lang='lat' dir='ltr'><strong>agens</strong></span> <span class='ocrx_word' id='word_1_147' title='bbox 538 2019 671 2065; x_wconf 92' lang='lat' dir='ltr'><strong>celso</strong></span> <span class='ocrx_word' id='word_1_148' title='bbox 708 2019 874 2078; x_wconf 92' lang='lat' dir='ltr'><strong>Nysae</strong></span> <span class='ocrx_word' id='word_1_149' title='bbox 910 2018 975 2065; x_wconf 92' lang='lat' dir='ltr'><strong>de</strong></span> <span class='ocrx_word' id='word_1_150' title='bbox 1009 2016 1190 2065; x_wconf 84' lang='lat' dir='ltr'><strong>vertice</strong></span> <span class='ocrx_word' id='word_1_151' title='bbox 1226 2016 1372 2079; x_wconf 87' lang='lat' dir='ltr'><strong>tigris.</strong></span> <span class='ocrx_word' id='word_1_152' title='bbox 1741 2029 1819 2081; x_wconf 84' lang='lat'><strong>805</strong></span> 
     </span>
     <span class='ocr_line' id='line_1_24' title="bbox 151 2097 1477 2157; baseline 0.002 -13"><span class='ocrx_word' id='word_1_153' title='bbox 151 2105 199 2144; x_wconf 91' lang='lat' dir='ltr'><strong>et</strong></span> <span class='ocrx_word' id='word_1_154' title='bbox 236 2097 521 2146; x_wconf 90' lang='lat' dir='ltr'><strong>dubitamus</strong></span> <span class='ocrx_word' id='word_1_155' title='bbox 557 2099 722 2146; x_wconf 92' lang='lat' dir='ltr'><strong>adhuc</strong></span> <span class='ocrx_word' id='word_1_156' title='bbox 758 2097 987 2145; x_wconf 90' lang='lat' dir='ltr'><strong>virtutem</strong></span> <span class='ocrx_word' id='word_1_157' title='bbox 1023 2099 1288 2146; x_wconf 88' lang='lat' dir='ltr'><strong>extendere</strong></span> <span class='ocrx_word' id='word_1_158' title='bbox 1323 2097 1477 2157; x_wconf 89' lang='lat' dir='ltr'><strong>factis,</strong></span> 
     </span>
    </p>

    <p class='ocr_par' dir='ltr' id='par_1_17' title="bbox 149 2178 1459 2241">
     <span class='ocr_line' id='line_1_25' title="bbox 149 2178 1459 2241; baseline 0.002 -16"><span class='ocrx_word' id='word_1_159' title='bbox 149 2186 233 2225; x_wconf 91' lang='lat' dir='ltr'><strong>aut</strong></span> <span class='ocrx_word' id='word_1_160' title='bbox 270 2187 429 2227; x_wconf 91' lang='lat' dir='ltr'><strong>metus</strong></span> <span class='ocrx_word' id='word_1_161' title='bbox 466 2178 690 2227; x_wconf 92' lang='lat' dir='ltr'><strong>Ausonia</strong></span> <span class='ocrx_word' id='word_1_162' title='bbox 724 2178 954 2241; x_wconf 90' lang='lat' dir='ltr'><strong>prohibet</strong></span> <span class='ocrx_word' id='word_1_163' title='bbox 990 2178 1259 2227; x_wconf 92' lang='lat' dir='ltr'><strong>consistere</strong></span> <span class='ocrx_word' id='word_1_164' title='bbox 1294 2181 1459 2227; x_wconf 89' lang='lat' dir='ltr'><strong>terra?</strong></span> 
     </span>
    </p>

    <p class='ocr_par' dir='ltr' id='par_1_18' title="bbox 150 2258 1403 2322">
     <span class='ocr_line' id='line_1_26' title="bbox 150 2258 1403 2322; baseline 0.002 -16"><span class='ocrx_word' id='word_1_165' title='bbox 150 2258 259 2320; x_wconf 89' lang='lat' dir='ltr'><strong>quis</strong></span> <span class='ocrx_word' id='word_1_166' title='bbox 295 2261 466 2322; x_wconf 92' lang='lat' dir='ltr'><strong>procul</strong></span> <span class='ocrx_word' id='word_1_167' title='bbox 502 2259 583 2308; x_wconf 92' lang='lat' dir='ltr'><strong>ille</strong></span> <span class='ocrx_word' id='word_1_168' title='bbox 618 2268 785 2307; x_wconf 91' lang='lat' dir='ltr'><strong>autem</strong></span> <span class='ocrx_word' id='word_1_169' title='bbox 822 2258 968 2307; x_wconf 91' lang='lat' dir='ltr'><strong>ramis</strong></span> <span class='ocrx_word' id='word_1_170' title='bbox 1004 2259 1208 2322; x_wconf 87' lang='lat' dir='ltr'><strong>insignis</strong></span> <span class='ocrx_word' id='word_1_171' title='bbox 1245 2259 1403 2308; x_wconf 88' lang='lat' dir='ltr'><strong>olivae</strong></span> 
     </span>
    </p>

    <p class='ocr_par' dir='ltr' id='par_1_19' title="bbox 149 2339 1423 2403">
     <span class='ocr_line' id='line_1_27' title="bbox 149 2339 1423 2403; baseline 0.002 -17"><span class='ocrx_word' id='word_1_172' title='bbox 149 2355 286 2387; x_wconf 92' lang='lat' dir='ltr'><strong>sacra</strong></span> <span class='ocrx_word' id='word_1_173' title='bbox 321 2342 521 2389; x_wconf 88' lang='lat' dir='ltr'><strong>ferens?</strong></span> <span class='ocrx_word' id='word_1_174' title='bbox 568 2357 723 2389; x_wconf 92' lang='lat' dir='ltr'><strong>nosco</strong></span> <span class='ocrx_word' id='word_1_175' title='bbox 759 2340 905 2389; x_wconf 91' lang='lat' dir='ltr'><strong>crinis</strong></span> <span class='ocrx_word' id='word_1_176' title='bbox 942 2339 1219 2403; x_wconf 91' lang='lat' dir='ltr'><strong>incanaque</strong></span> <span class='ocrx_word' id='word_1_177' title='bbox 1257 2349 1423 2388; x_wconf 92' lang='lat' dir='ltr'><strong>menta</strong></span> 
     </span>
    </p>

    <p class='ocr_par' dir='ltr' id='par_1_20' title="bbox 148 2420 1818 2565">
     <span class='ocr_line' id='line_1_28' title="bbox 148 2420 1818 2485; baseline 0.002 -18"><span class='ocrx_word' id='word_1_178' title='bbox 148 2420 272 2483; x_wconf 86' lang='lat' dir='ltr'><strong>regis</strong></span> <span class='ocrx_word' id='word_1_179' title='bbox 312 2421 529 2470; x_wconf 89' lang='lat' dir='ltr'><strong>Romani</strong></span> <span class='ocrx_word' id='word_1_180' title='bbox 565 2421 775 2485; x_wconf 89' lang='lat' dir='ltr'><strong>primam</strong></span> <span class='ocrx_word' id='word_1_181' title='bbox 812 2421 896 2484; x_wconf 93' lang='lat' dir='ltr'><strong>qui</strong></span> <span class='ocrx_word' id='word_1_182' title='bbox 932 2421 1123 2484; x_wconf 87' lang='lat' dir='ltr'><strong>legibus</strong></span> <span class='ocrx_word' id='word_1_183' title='bbox 1159 2421 1333 2469; x_wconf 92' lang='lat' dir='ltr'><strong>urbem</strong></span> <span class='ocrx_word' id='word_1_184' title='bbox 1736 2431 1818 2470; x_wconf 92' lang='lat'><strong>810</strong></span> 
     </span>
     <span class='ocr_line' id='line_1_29' title="bbox 148 2502 1334 2565; baseline 0.001 -16"><span class='ocrx_word' id='word_1_185' title='bbox 148 2502 376 2552; x_wconf 87' lang='lat' dir='ltr'><strong>fundabit</strong></span> <span class='ocrx_word' id='word_1_186' title='bbox 413 2502 628 2553; x_wconf 90' lang='lat' dir='ltr'><strong>Curibus</strong></span> <span class='ocrx_word' id='word_1_187' title='bbox 664 2502 823 2565; x_wconf 89' lang='lat' dir='ltr'><strong>parvis</strong></span> <span class='ocrx_word' id='word_1_188' title='bbox 860 2511 909 2551; x_wconf 97' lang='lat' dir='ltr'><strong>et</strong></span> <span class='ocrx_word' id='word_1_189' title='bbox 944 2518 1160 2565; x_wconf 90' lang='lat' dir='ltr'><strong>paupere</strong></span> <span class='ocrx_word' id='word_1_190' title='bbox 1197 2510 1334 2561; x_wconf 89' lang='lat' dir='ltr'><strong>terra,</strong></span> 
     </span>
    </p>

    <p class='ocr_par' dir='ltr' id='par_1_21' title="bbox 149 2583 1591 2647">
     <span class='ocr_line' id='line_1_30' title="bbox 149 2583 1591 2647; baseline 0.002 -17"><span class='ocrx_word' id='word_1_191' title='bbox 149 2583 325 2633; x_wconf 90' lang='lat' dir='ltr'><strong>missus</strong></span> <span class='ocrx_word' id='word_1_192' title='bbox 361 2584 413 2632; x_wconf 92' lang='lat' dir='ltr'><strong>in</strong></span> <span class='ocrx_word' id='word_1_193' title='bbox 448 2584 710 2647; x_wconf 90' lang='lat' dir='ltr'><strong>imperium</strong></span> <span class='ocrx_word' id='word_1_194' title='bbox 747 2601 996 2646; x_wconf 90' lang='lat' dir='ltr'><strong>magnum.</strong></span> <span class='ocrx_word' id='word_1_195' title='bbox 1071 2583 1151 2631; x_wconf 90' lang='lat' dir='ltr'><strong>cui</strong></span> <span class='ocrx_word' id='word_1_196' title='bbox 1187 2583 1370 2632; x_wconf 92' lang='lat' dir='ltr'><strong>deinde</strong></span> <span class='ocrx_word' id='word_1_197' title='bbox 1406 2583 1591 2633; x_wconf 89' lang='lat' dir='ltr'><strong>subibit</strong></span> 
     </span>
    </p>

    <p class='ocr_par' dir='ltr' id='par_1_22' title="bbox 148 2665 1397 2728">
     <span class='ocr_line' id='line_1_31' title="bbox 148 2665 1397 2728; baseline -0.001 -14"><span class='ocrx_word' id='word_1_198' title='bbox 148 2666 248 2714; x_wconf 90' lang='lat' dir='ltr'><strong>otia</strong></span> <span class='ocrx_word' id='word_1_199' title='bbox 285 2666 369 2728; x_wconf 91' lang='lat' dir='ltr'><strong>qui</strong></span> <span class='ocrx_word' id='word_1_200' title='bbox 405 2675 599 2728; x_wconf 91' lang='lat' dir='ltr'><strong>rumpet</strong></span> <span class='ocrx_word' id='word_1_201' title='bbox 634 2665 818 2728; x_wconf 91' lang='lat' dir='ltr'><strong>patriae</strong></span> <span class='ocrx_word' id='word_1_202' title='bbox 855 2665 1140 2728; x_wconf 90' lang='lat' dir='ltr'><strong>residesque</strong></span> <span class='ocrx_word' id='word_1_203' title='bbox 1177 2665 1397 2714; x_wconf 91' lang='lat' dir='ltr'><strong>movebit</strong></span> 
     </span>
    </p>
   </div>
   <div class='ocr_carea' id='block_1_3' title="bbox 147 2793 1817 3006">
    <p class='ocr_par' dir='ltr' id='par_1_23' title="bbox 147 2793 1817 3006">
     <span class='ocr_line' id='line_1_32' title="bbox 205 2793 1815 2845; baseline 0.001 -13"><span class='ocrx_word' id='word_1_204' title='bbox 205 2795 394 2844; x_wconf 87' lang='lat'>784-813</span> <span class='ocrx_word' id='word_1_205' title='bbox 433 2793 564 2832; x_wconf 88' lang='lat' dir='ltr'><strong>MPR</strong></span> <span class='ocrx_word' id='word_1_206' title='bbox 758 2796 834 2843; x_wconf 90' lang='lat'><strong>787</strong></span> <span class='ocrx_word' id='word_1_207' title='bbox 866 2807 994 2843; x_wconf 91' lang='lat' dir='ltr'><strong>super</strong></span> <span class='ocrx_word' id='word_1_208' title='bbox 1014 2794 1099 2832; x_wconf 89' lang='lat' dir='ltr'><strong>alta</strong></span> <span class='ocrx_word' id='word_1_209' title='bbox 1119 2793 1307 2831; x_wconf 80' lang='lat' dir='ltr'><strong>M1PRb¹</strong></span> <span class='ocrx_word' id='word_1_210' title='bbox 1330 2793 1524 2832; x_wconf 85' lang='lat' dir='ltr'><strong>Ribbeck:</strong></span> <span class='ocrx_word' id='word_1_211' title='bbox 1556 2800 1754 2845; x_wconf 85' lang='lat' dir='ltr'><strong>superata</strong></span> <span class='ocrx_word' id='word_1_212' title='bbox 1769 2794 1815 2844; x_wconf 60' lang='grc' dir='ltr'><strong>’γι</strong></span> 
     </span>
     <span class='ocr_line' id='line_1_33' title="bbox 150 2847 1817 2900; baseline -0.001 -13"><span class='ocrx_word' id='word_1_213' title='bbox 150 2860 227 2898; x_wconf 86' lang='grc'><strong>793</strong></span> <span class='ocrx_word' id='word_1_214' title='bbox 257 2849 375 2900; x_wconf 85' lang='lat' dir='ltr'><strong>arva]</strong></span> <span class='ocrx_word' id='word_1_215' title='bbox 406 2861 541 2887; x_wconf 86' lang='lat' dir='ltr'><strong>annos</strong></span> <span class='ocrx_word' id='word_1_216' title='bbox 575 2847 617 2885; x_wconf 84' lang='lat' dir='ltr'><em>R</em></span> <span class='ocrx_word' id='word_1_217' title='bbox 781 2849 861 2896; x_wconf 88' lang='lat'><strong>803</strong></span> <span class='ocrx_word' id='word_1_218' title='bbox 891 2854 1065 2897; x_wconf 89' lang='lat' dir='ltr'><strong>pacaret</strong></span> <span class='ocrx_word' id='word_1_219' title='bbox 1095 2847 1208 2886; x_wconf 87' lang='lat' dir='ltr'><strong>M¹R</strong></span> <span class='ocrx_word' id='word_1_220' title='bbox 1224 2861 1232 2885; x_wconf 78' lang='grc' dir='ltr'>ε</span> <span class='ocrx_word' id='word_1_221' title='bbox 1275 2847 1452 2897; x_wconf 89' lang='lat' dir='ltr'><strong>placarit</strong></span> <span class='ocrx_word' id='word_1_222' title='bbox 1481 2848 1571 2886; x_wconf 74' lang='lat' dir='ltr'><strong>b²cvr</strong></span> <span class='ocrx_word' id='word_1_223' title='bbox 1735 2850 1817 2888; x_wconf 91' lang='lat'><strong>806</strong></span> 
     </span>
     <span class='ocr_line' id='line_1_34' title="bbox 147 2901 1814 2951; baseline 0 -10"><span class='ocrx_word' id='word_1_224' title='bbox 147 2904 345 2942; x_wconf 89' lang='lat' dir='ltr'><strong>virtutem</strong></span> <span class='ocrx_word' id='word_1_225' title='bbox 369 2933 377 2942; x_wconf 86' lang='lat'><strong>.</strong></span> <span class='ocrx_word' id='word_1_226' title='bbox 403 2933 411 2941; x_wconf 90' lang='lat'><strong>.</strong></span> <span class='ocrx_word' id='word_1_227' title='bbox 436 2932 445 2942; x_wconf 92' lang='lat'><strong>.</strong></span> <span class='ocrx_word' id='word_1_228' title='bbox 473 2902 596 2941; x_wconf 89' lang='lat' dir='ltr'><strong>factis</strong></span> <span class='ocrx_word' id='word_1_229' title='bbox 626 2901 774 2951; x_wconf 71' lang='lat' dir='ltr'><strong>M7²b⁷r</strong></span> <span class='ocrx_word' id='word_1_230' title='bbox 794 2902 909 2941; x_wconf 72' lang='lat' dir='ltr'><strong>Serv.</strong></span> <span class='ocrx_word' id='word_1_231' title='bbox 933 2915 942 2939; x_wconf 77' lang='grc' dir='ltr'><strong><em>ε</em></strong></span> <span class='ocrx_word' id='word_1_232' title='bbox 979 2902 1138 2940; x_wconf 87' lang='lat' dir='ltr'><strong>virtute</strong></span> <span class='ocrx_word' id='word_1_233' title='bbox 1161 2931 1169 2940; x_wconf 93' lang='lat'><strong>.</strong></span> <span class='ocrx_word' id='word_1_234' title='bbox 1196 2930 1204 2939; x_wconf 91' lang='lat'><strong>.</strong></span> <span class='ocrx_word' id='word_1_235' title='bbox 1226 2932 1236 2942; x_wconf 84' lang='lat'><strong>.</strong></span> <span class='ocrx_word' id='word_1_236' title='bbox 1261 2902 1373 2940; x_wconf 89' lang='lat' dir='ltr'><strong>vires</strong></span> <span class='ocrx_word' id='word_1_237' title='bbox 1402 2901 1578 2940; x_wconf 83' lang='lat' dir='ltr'><em>PRcm:</em></span> <span class='ocrx_word' id='word_1_238' title='bbox 1616 2903 1814 2941; x_wconf 87' lang='lat' dir='ltr'><strong>virtutem</strong></span> 
     </span>
     <span class='ocr_line' id='line_1_35' title="bbox 149 2956 1817 3006; baseline 0.001 -12"><span class='ocrx_word' id='word_1_239' title='bbox 149 2986 158 2994; x_wconf 92' lang='lat'><strong>.</strong></span> <span class='ocrx_word' id='word_1_240' title='bbox 184 2986 192 2996; x_wconf 91' lang='lat'><strong>.</strong></span> <span class='ocrx_word' id='word_1_241' title='bbox 219 2988 227 2996; x_wconf 93' lang='lat'><strong><em>.</em></strong></span> <span class='ocrx_word' id='word_1_242' title='bbox 250 2957 362 2996; x_wconf 90' lang='lat' dir='ltr'><strong>vires</strong></span> <span class='ocrx_word' id='word_1_243' title='bbox 390 2956 436 3006; x_wconf 77' lang='lat'><strong>7¹</strong></span> <span class='ocrx_word' id='word_1_244' title='bbox 465 2956 682 2995; x_wconf 83' lang='lat' dir='ltr'><strong>Diomedes</strong></span> <span class='ocrx_word' id='word_1_245' title='bbox 846 2958 926 3005; x_wconf 92' lang='lat'><strong>807</strong></span> <span class='ocrx_word' id='word_1_246' title='bbox 951 2960 1048 3006; x_wconf 85' lang='lat' dir='ltr'><strong>post</strong></span> <span class='ocrx_word' id='word_1_247' title='bbox 1073 2956 1185 2994; x_wconf 79' lang='lat' dir='ltr'><strong>hunc</strong></span> <span class='ocrx_word' id='word_1_248' title='bbox 1201 2970 1236 2995; x_wconf 89' lang='lat' dir='ltr'><strong>v.</strong></span> <span class='ocrx_word' id='word_1_249' title='bbox 1263 2957 1453 3005; x_wconf 86' lang='lat'>826-835</span> <span class='ocrx_word' id='word_1_250' title='bbox 1481 2957 1624 2995; x_wconf 76' lang='lat' dir='ltr'><strong>inserit</strong></span> <span class='ocrx_word' id='word_1_251' title='bbox 1647 2957 1817 2996; x_wconf 86' lang='lat' dir='ltr'><strong>Ribbeck</strong></span> 
     </span>
    </p>
   </div>
   <div class='ocr_carea' id='block_1_4' title="bbox 147 3009 1464 3061">
    <p class='ocr_par' dir='ltr' id='par_1_24' title="bbox 147 3009 1464 3061">
     <span class='ocr_line' id='line_1_36' title="bbox 147 3009 1464 3061; baseline -0.001 -12"><span class='ocrx_word' id='word_1_252' title='bbox 147 3011 228 3050; x_wconf 90' lang='lat'><strong>810</strong></span> <span class='ocrx_word' id='word_1_253' title='bbox 258 3012 417 3060; x_wconf 90' lang='lat' dir='ltr'><strong>primus</strong></span> <span class='ocrx_word' id='word_1_254' title='bbox 440 3011 655 3049; x_wconf 79' lang='lat' dir='ltr'><strong>Gothanus</strong></span> <span class='ocrx_word' id='word_1_255' title='bbox 666 3010 794 3061; x_wconf 75' lang='lat' dir='ltr'><strong>prior,</strong></span> <span class='ocrx_word' id='word_1_256' title='bbox 810 3010 994 3061; x_wconf 85' lang='lat' dir='ltr'><strong>probant</strong></span> <span class='ocrx_word' id='word_1_257' title='bbox 1010 3009 1238 3048; x_wconf 85' lang='lat' dir='ltr'><strong>Burmann</strong></span> <span class='ocrx_word' id='word_1_258' title='bbox 1262 3009 1464 3061; x_wconf 65' lang='lat' dir='ltr'><strong>Gathlz&#39;ng</strong></span> 
     </span>
    </p>
   </div>
  </div>
 </body>
</html>
