2020 3372
1319 122 1742 213 GEORGICON
1784 164 1809 211 Ι

137 317 186 358 et
222 316 466 357 maestum
503 305 778 355 inlacrimat
814 304 1011 368 templis
1048 304 1171 353 ebur
1205 320 1418 367 aeraque
1454 305 1648 353 sudant.
1723 314 1808 365 480

136 389 317 453 proluit
353 389 527 438 insano
564 397 898 451 contorquens
934 386 1115 436 vertice
1151 386 1295 434 silvas

135 470 397 519 fluviorum
434 487 516 518 rex
550 469 795 518 Eridanus
831 484 1136 531 camposque
1170 483 1258 530 per
1294 467 1456 516 omnis

135 568 251 600 cum
288 551 493 600 stabulis
529 560 750 600 armenta
785 550 908 599 tulit.
982 566 1075 598 nec
1111 559 1335 611 tempore
1372 550 1551 597 eodem

135 631 354 680 tristibus
389 641 474 680 aut
510 631 631 680 extis
668 632 821 679 fibrae
856 636 1090 694 apparere
1126 629 1345 678 minaces

134 722 219 760 aut
254 712 416 776 puteis
453 730 652 762 manare
689 729 832 761 cruor
867 711 1088 771 cessavit,
1127 720 1176 760 et
1211 712 1338 758 altae
1725 719 1807 772 485

133 811 222 857 per
257 804 457 843 noctem
492 811 721 843 resonare
756 793 885 856 lupis
920 792 1224 841 ululantibus
1261 792 1420 841 urbes.

135 893 238 925 non
273 876 393 925 alias
430 878 567 924 caelo
604 875 890 924 ceciderunt
924 876 1066 937 plura
1101 890 1276 922 sereno

134 961 325 1022 fulgura
361 976 454 1007 nec
490 958 583 1007 diri
618 958 799 1007 totiens
834 974 995 1006 arsere
1031 965 1268 1005 cometae.

135 1056 250 1102 ergo
286 1039 412 1088 inter
446 1056 552 1088 sese
589 1039 789 1103 paribus
825 1054 1116 1087 concurrere
1156 1036 1266 1086 telis

136 1124 391 1171 Romanas
426 1122 557 1171 acies
593 1122 770 1170 iterum
806 1121 973 1170 videre
1009 1119 1225 1182 Philippi
1242 1138 1255 1180 3
1724 1139 1809 1180 490

135 1221 228 1253 nec
263 1204 354 1252 fuit
389 1203 649 1268 indignum
685 1203 873 1266 superis
910 1203 985 1252 bis
1022 1201 1261 1265 sanguine
1298 1210 1467 1250 nostro

137 1285 421 1334 Emathiam
457 1294 506 1334 et
540 1287 666 1334 latos
704 1284 890 1333 Haemi
926 1283 1247 1347 pinguescere
1284 1299 1500 1346 campos.

134 1366 322 1416 scilicet
358 1377 406 1416 et
442 1377 638 1430 tempus
674 1366 838 1415 veniet
874 1383 990 1414 cum
1026 1365 1208 1413 finibus
1244 1364 1338 1413 illis

133 1448 347 1512 agricola
381 1448 584 1497 incurvo
621 1458 798 1497 terram
835 1447 1035 1496 molitus
1071 1455 1231 1495 aratro

134 1547 279 1579 exesa
314 1529 530 1579 inveniet
567 1530 738 1578 scabra
774 1528 997 1592 robigine
1033 1527 1146 1591 pila,
1726 1546 1805 1587 495

133 1621 218 1660 aut
252 1610 480 1674 gravibus
516 1610 678 1659 rastris
713 1612 876 1673 galeas
912 1609 1127 1673 pulsabit
1164 1609 1337 1668 inanis,

132 1692 436 1756 grandiaque
472 1691 660 1741 effossis
698 1690 952 1739 mirabitur
988 1707 1101 1739 ossa
1136 1689 1383 1753 sepulcris.

133 1774 186 1824 di
220 1774 376 1837 patrii,
418 1773 683 1837 Indigetes,
722 1782 771 1821 et
808 1774 1026 1821 Romule
1061 1774 1315 1834 Vestaque
1351 1780 1520 1829 mater,

134 1873 262 1918 quae
298 1858 520 1904 Tuscum
557 1854 779 1903 Tiberim
816 1864 864 1903 et
902 1857 1132 1903 Romana
1169 1852 1356 1901 Palatia
1391 1868 1566 1911 servas,

134 1939 267 1987 hunc
304 1939 478 1986 saltem
515 1953 684 1985 everso
721 1935 951 1983 iuvenem
989 1950 1269 1983 succurrere
1306 1935 1470 1981 saeclo
1730 1953 1810 1991 500

134 2037 197 2068 ne
233 2018 504 2082 prohibete.
579 2017 694 2066 satis
731 2017 829 2065 iam
866 2016 1058 2080 pridem
1095 2014 1332 2078 sanguine
1368 2023 1537 2063 nostro

135 2102 540 2150 Laomedonteae
577 2098 758 2147 luimus
795 2096 1005 2160 periuria
1039 2095 1253 2155 Troiae3

133 2181 232 2230 iam
268 2181 461 2244 pridem
498 2179 642 2228 nobis
682 2177 803 2226 caeli
841 2187 889 2225 te
926 2176 1069 2239 regia,
1109 2177 1304 2235 Caesar,

133 2262 321 2311 invidet
356 2271 505 2324 atque
542 2259 803 2309 hominum
844 2258 1062 2322 queritur
1099 2274 1266 2306 curare
1305 2257 1596 2320 triumphos,
1733 2277 1811 2316 504

133 2345 319 2408 quippe
348 2345 435 2393 ubi
467 2347 538 2393 fas
563 2361 759 2392 versum
786 2351 935 2404 atque
962 2342 1130 2400 nefas3
1168 2348 1241 2387 tot
1277 2338 1407 2386 bella
1434 2354 1522 2401 per
1554 2338 1739 2398 orbem,

134 2436 235 2474 tam
272 2427 456 2474 multae
492 2427 733 2473 scelerum
770 2423 935 2482 facies,
975 2438 1077 2469 non
1114 2422 1242 2469 ullus
1277 2428 1436 2468 aratro

134 2507 312 2570 dignus
348 2509 523 2566 honos,
563 2507 789 2569 squalent
826 2503 1056 2553 abductis
1092 2518 1206 2550 arva
1242 2499 1445 2559 colonis,

134 2598 182 2637 et
218 2605 395 2637 curvae
430 2587 642 2650 rigidum
680 2588 828 2635 falces
867 2587 1145 2634 conflantur
1181 2583 1232 2631 in
1269 2598 1453 2630 ensem.

133 2668 250 2716 hinc
286 2678 452 2717 movet
490 2670 779 2731 Euphrates,
821 2666 956 2715 illinc
995 2664 1262 2715 Germania
1297 2664 1484 2711 bellum
1501 2681 1514 2722 3

133 2748 324 2797 vicinae
359 2749 512 2811 ruptis
549 2748 674 2797 inter
711 2765 762 2797 se
798 2747 988 2810 legibus
1025 2747 1170 2795 urbes
1732 2763 1811 2802 510

133 2845 269 2877 arma
304 2831 499 2889 ferunt3
549 2829 700 2878 saevit
736 2838 843 2878 toto
882 2830 1018 2876 Mars
1055 2826 1236 2889 impius
1274 2826 1392 2874 orbe
1410 2843 1424 2885 3

135 2958 376 3051 Κ4ἓοι-5Ῑῑ
420 2958 511 2997 MR
825 2959 902 3007 481
937 2955 1118 3007 proluit]
1169 2956 1362 3006 prosiluit
1401 2969 1439 3004 π,
1490 2953 1598 2993 unde
1642 2951 1810 3003 prosilit

181 3024 264 3050 vaca
282 3025 309 3051 a
