2014 3372
199 148 252 195 P.
291 146 590 195 VERGILI
628 143 954 193 MARONIS

196 285 494 348 sanguineus
533 288 734 334 Mavors
771 284 934 349 clipeo
970 284 1192 350 increpat
1228 295 1380 350 atque
1416 287 1622 336 furentis

197 366 327 415 bella
363 383 568 415 movens
605 365 826 414 immittit
862 383 1030 431 equos,
1070 366 1141 416 illi
1175 384 1392 430 aequore
1427 378 1598 431 aperto

195 457 311 496 ante
349 450 511 497 Notos
548 449 932 511 Zephyrumque
968 451 1151 509 volant,
1189 449 1342 513 gemit
1378 449 1552 498 ultima
1590 452 1736 513 pulsu

197 530 391 577 Thraca
427 530 614 592 pedum
651 528 939 592 circumque
974 539 1107 578 atrae
1145 530 1445 580 Formidinis
1482 548 1567 580 ora
1791 552 1870 593 335

200 612 409 673 Iraeque
447 610 783 674 Insidiaeque,
823 611 905 660 dei
941 612 1220 672 comitatus,
1258 622 1500 675 aguntur:

131 732 137 741 .
197 691 306 740 talis
342 708 498 755 equos
534 694 696 741 alacer
732 692 898 742 media
934 693 1060 742 inter
1095 693 1282 757 proelia
1317 696 1516 743 Turnus

197 773 432 822 fumantis
470 775 651 823 sudore
689 774 860 837 quatit,
902 775 1181 824 miserabile
1217 776 1374 825 caesis

197 854 423 904 hostibus
459 855 733 905 insultans:
785 857 967 921 spargit
996 856 1174 921 ‘rapida
1209 860 1393 921 ungula
1428 876 1562 908 rores

197 936 494 1001 sanguineos
531 938 783 1002 mixtaque
820 956 963 988 cruor
998 941 1215 988 calcatur
1248 941 1445 990 harena.
1794 964 1874 1003 340

196 1018 396 1082 iamque
415 1018 526 1068 neci
543 1021 938 1083 Sthenelumque
958 1020 1097 1069 dedit
1112 1022 1521 1086 Thamyrumque
1540 1024 1871 1087 Pholumque,

197 1101 331 1149 hunc
368 1117 661 1165 congressus
698 1110 747 1150 et
783 1102 930 1161 hunc,
971 1101 1110 1150 illum
1147 1102 1376 1163 eminus3
1423 1103 1618 1152 eminus
1654 1105 1806 1153 ambo

197 1182 514 1242 Imbrasidas,
557 1184 806 1231 Glaucum
843 1192 993 1246 atque
1031 1184 1219 1242 Laden,
1260 1200 1386 1247 quos
1426 1185 1680 1235 Imbrasus
1715 1184 1823 1250 ipse

195 1264 429 1313 nutrierat
466 1264 619 1328 Lycia
655 1264 956 1328 paribusque
993 1274 1250 1314 ornaverat
1284 1265 1432 1314 armis

194 1347 271 1393 vel
308 1347 531 1394 conferre
569 1363 774 1394 manum
810 1348 889 1395 vel
926 1363 1057 1410 equo
1093 1356 1399 1410 praevertere
1433 1356 1623 1398 ventos.
1791 1369 1871 1411 345

263 1429 408 1475 Parte
444 1427 540 1475 alia
575 1426 742 1477 media
780 1429 1034 1477 Eumedes
1070 1427 1122 1476 in
1158 1427 1345 1491 proelia
1379 1430 1543 1489 fertur,

193 1507 385 1571 antiqui
421 1510 583 1572 proles
619 1509 754 1558 bello
790 1511 1039 1572 praeclara
1077 1509 1303 1569 Dolonis,

194 1589 398 1639 nomine
434 1607 583 1639 avum
620 1592 850 1651 referens,
889 1590 1058 1640 animo
1094 1591 1426 1655 manibusque
1461 1601 1732 1656 parentem,

195 1671 279 1735 qui
317 1673 588 1735 quondam,
630 1681 789 1721 castra
825 1681 879 1721 ut
919 1675 1152 1721 Danaum
1190 1674 1471 1737 speculator
1505 1673 1674 1735 adiret,

195 1771 344 1803 ausus
383 1753 586 1803 Pelidae
621 1753 836 1816 pretium
874 1753 968 1802 sibi
1004 1770 1210 1817 poscere
1246 1771 1415 1803 currus
1432 1772 1446 1815 3
1792 1776 1873 1817 350

193 1836 333 1885 illum
370 1835 592 1899 Tydides
628 1835 726 1884 alio
763 1853 853 1899 pro
890 1835 1070 1884 talibus
1106 1835 1237 1884 ausis
1280 1855 1283 1857 ·

194 1917 376 1967 adfecit
412 1916 571 1980 pretio
607 1933 701 1965 nec
738 1916 878 1979 equis
914 1916 1096 1979 aspirat
1131 1916 1327 1965 Achilli.

195 2001 330 2048 hunc
366 2000 539 2063 procul
576 2007 630 2047 ut
667 2015 847 2061 campo
884 2000 1084 2047 Turnus
1120 1998 1370 2062 prospexit
1406 2007 1592 2062 apert0‚

193 2089 308 2129 ante
345 2079 440 2129 levi
476 2079 638 2128 iaculo
675 2081 879 2142 longum
916 2096 1004 2142 per
1039 2079 1187 2128 inane
1223 2088 1422 2128 secutus

194 2160 319 2210 sistit
356 2177 512 2224 equos
550 2160 727 2225 biiugis
765 2170 814 2209 et
849 2177 994 2209 curru
1030 2159 1194 2209 desilit
1230 2170 1380 2224 atque
1792 2180 1869 2223 355

193 2241 472 2291 semianimi
507 2243 747 2305 lapsoque
783 2241 1077 2305 supervenit,
1118 2250 1166 2290 et
1202 2243 1331 2305 pede
1366 2243 1497 2291 collo

193 2323 434 2387 impresso
471 2325 671 2372 dextrae
708 2339 999 2372 mucronem
1037 2331 1296 2386 extorquet
1331 2332 1380 2372 et
1415 2325 1516 2373 alto

193 2407 463 2469 fulgentem
502 2404 644 2468 tingit
679 2403 848 2468 iugulo
885 2414 1035 2468 atque
1072 2406 1195 2454 haec
1232 2404 1434 2469 insuper
1468 2405 1640 2454 addit:

199 2492 210 2514 ‘
229 2504 292 2536 en
327 2504 469 2550 agros
507 2496 569 2547 et,
609 2504 761 2550 quam
799 2487 944 2546 bello,
986 2487 1215 2547 Troiane,
1256 2487 1435 2550 petisti,

195 2570 493 2633 Hesperiam
531 2571 702 2620 metire
739 2572 939 2621 iacens:
990 2574 1114 2621 haec
1149 2572 1379 2636 praemia,
1421 2571 1506 2635 qui
1543 2589 1623 2621 me
1786 2579 1869 2633 360

192 2653 319 2700 ferro
355 2651 462 2701 ausi
498 2662 752 2718 temptare,
794 2656 969 2714 ferunt,
1009 2654 1079 2703 sic
1117 2653 1316 2704 moenia
1351 2655 1606 2703 condunt.'

193 2732 309 2781 huic
344 2733 580 2783 comitem
617 2737 844 2799 Asbyten
880 2735 1106 2785 coniecta
1142 2735 1348 2799 cuspide
1385 2734 1534 2784 mittit

194 2814 507 2879 Chloreaque
545 2816 870 2881 Sybarimque
910 2820 1193 2881 Daretaque
1230 2817 1713 2886 Thersilochumque

247 2948 439 2996 332—363
461 2946 592 2985 MPR
719 2960 801 2996 332
822 2947 988 2986 intonat
1001 2944 1129 2987 MRc2
1214 2947 1428 2998 prementi
1441 2946 1494 2986 M
1497 2947 1509 2970 ¹
1596 2947 1679 2997 356
1698 2944 1875 2997 elapso--

192 3012 275 3049 que
295 2999 407 3039 Plbrr
426 3000 546 3041 Serv.
717 3013 797 3051 357
829 3014 1035 3051 expresso
1056 3001 1109 3040 M
1110 3001 1123 3024 ¹
1217 3003 1369 3042 dextra
1389 3001 1499 3052 R7¹c
