2014 3372
240 137 292 184 P.
332 138 631 186 VERGILI
671 137 995 187 MARONIS

236 298 371 330 arma
407 282 493 331 diu
531 281 695 331 senior
731 283 937 330 desueta
972 279 1296 330 trementibus
1331 297 1455 330 aevo
1729 342 1733 345 η

234 363 510 412 circumdat
546 362 851 426 nequiquam
888 361 1069 410 umeris
1106 370 1155 410 et
1191 361 1363 410 inutile
1399 363 1583 410 ferrum
1828 381 1909 422 510

235 444 456 507 cingitur,
497 461 555 493 ac
592 446 774 493 densos
811 445 962 492 fertur
997 443 1260 492 moriturus
1296 442 1349 490 in
1385 443 1553 492 hostis.

233 525 441 574 aedibus
479 525 530 573 in
568 525 745 574 mediis
783 527 1021 588 nudoque
1058 525 1152 573 sub
1187 523 1398 572 aetheris
1434 541 1526 572 axe

233 607 406 671 ingens
443 618 525 655 ara
562 606 652 655 fuit
690 606 922 669 iuxtaque
959 605 1217 654 veterrima
1252 607 1417 654 laurus

232 688 529 736 incumbens
565 704 678 736 arae
713 696 863 751 atque
900 687 1074 736 umbra
1111 688 1370 750 complexa
1403 686 1609 749 penatis.

232 769 314 819 hic
353 770 569 819 Hecuba
605 779 654 818 et
690 778 836 818 natae
872 768 1176 832 nequiquam
1212 769 1381 816 altaria
1417 767 1615 826 circum,
1828 789 1905 830 515

230 851 524 914 praecipites
561 860 665 899 atra
701 867 795 899 ceu
830 859 1124 913 tempestate
1160 850 1437 908 columbae,

231 934 517 982 condensae
555 942 603 981 et
640 932 811 981 divum
847 933 1104 994 amplexae
1142 931 1403 979 simulacra
1439 931 1694 980 sedebant.

231 1014 395 1078 ipsum
431 1023 600 1062 autem
637 1013 848 1076 sumptis
887 1012 1139 1061 Priamum
1175 1011 1485 1060 iuvenalibus
1521 1012 1669 1060 armis

230 1104 284 1144 ut
320 1095 457 1155 vidit,
501 1099 663 1158 ‘quae
698 1111 839 1143 mens
877 1103 978 1143 tam
1016 1093 1134 1153 dira,
1175 1093 1444 1142 miserrime
1481 1093 1712 1151 coniunx,

230 1178 425 1241 impulit
462 1178 538 1226 his
575 1177 706 1240 cingi
743 1176 890 1225 telis?
958 1186 1043 1224 aut
1080 1193 1180 1239 quo
1218 1175 1382 1224 ruis?'
1430 1174 1602 1238 inquit.
1829 1196 1908 1236 520

232 1262 362 1306 ‘non
401 1258 484 1306 tali
520 1257 702 1306 auxilio
739 1274 833 1306 nec
870 1256 1214 1306 defensoribus
1251 1256 1354 1304 istis

230 1348 427 1403 tempus
466 1349 609 1403 eget,
658 1356 774 1398 non,
815 1338 855 1387 si
891 1338 996 1402 ipse
1035 1355 1173 1386 meus
1211 1355 1345 1386 nunc
1380 1339 1573 1386 adforet
1611 1339 1819 1386 Hector.

229 1423 328 1469 huc
365 1423 569 1470 tandem
606 1421 864 1480 concede3
911 1421 1035 1467 haec
1070 1436 1153 1467 ara
1189 1418 1406 1467 tuebitur
1441 1418 1616 1477 omnis,

228 1512 313 1551 aut
351 1502 559 1551 moriere
596 1502 772 1550 simul.'
845 1500 915 1549 sic
952 1517 1036 1548 ore
1073 1502 1218 1548 effata
1254 1499 1437 1563 recepit

228 1586 293 1634 ad
331 1602 438 1634 sese
475 1594 524 1633 et
561 1601 698 1633 sacra
733 1585 1030 1646 longaevum
1066 1581 1117 1629 in
1155 1583 1275 1630 sede
1311 1581 1504 1631 locavit.
1619 1625 1622 1628 .
1807 1601 1903 1641 525

297 1669 431 1715 Ecce
467 1674 634 1714 autem
672 1666 868 1727 elapsus
907 1663 1078 1726 Pyrrhi
1114 1664 1177 1712 de
1215 1664 1368 1712 caede
1405 1662 1603 1721 Polites,

228 1765 357 1797 unus
395 1757 626 1796 natorum
664 1746 860 1806 Priami,
900 1763 987 1809 per
1023 1747 1132 1805 tela,
1172 1762 1260 1808 per
1295 1744 1451 1794 hostis

227 1829 500 1893 porticibus
538 1828 698 1891 longis
736 1827 858 1891 fugit
895 1837 944 1876 et
979 1844 1135 1876 vacua
1170 1826 1292 1875 atria
1327 1828 1498 1875 lustrat

227 1910 436 1960 saucius.
512 1909 652 1958 illum
688 1910 868 1958 ardens
907 1908 1087 1957 infesto
1124 1910 1326 1956 vulnere
1363 1909 1575 1970 Pyrrhus

227 1991 513 2055 insequitur,
555 1991 654 2039 iam
691 1990 890 2054 iamque
927 2007 1079 2038 manu
1116 1998 1252 2038 tenet
1289 1998 1337 2038 et
1374 1989 1551 2053 premit
1589 1990 1743 2038 hasta.
1819 2009 1903 2050 530

226 2083 280 2122 ut
316 2075 521 2122 tandem
557 2082 674 2121 ante
711 2074 883 2121 oculos
922 2071 1075 2121 evasit
1112 2081 1160 2120 et
1198 2088 1283 2120 ora
1318 2080 1592 2134 parentum,

227 2155 446 2204 concidit
483 2171 541 2203 ac
578 2156 736 2203 multo
773 2154 924 2203 vitam
962 2170 1078 2202 cum
1115 2152 1354 2216 sanguine
1390 2152 1529 2202 fudit.

226 2237 308 2285 hic
347 2236 583 2296 Priamus,
626 2251 932 2299 quamquam
969 2234 1020 2282 in
1058 2233 1223 2282 media
1259 2234 1357 2281 iam
1394 2243 1552 2282 morte
1588 2242 1798 2294 tenetur,

226 2336 327 2367 non
366 2328 533 2367 tamen
569 2317 808 2366 abstinuit
846 2333 940 2366 nec
975 2316 1087 2365 voci
1123 2316 1322 2379 iraeque
1358 2314 1606 2379 pepercit:

227 2404 304 2448 ‘at
341 2399 431 2448 tibi
468 2417 556 2462 pro
593 2400 807 2459 scelere,'
845 2400 1098 2457 exclamat,
1144 2402 1259 2461 ‘pro
1297 2397 1476 2445 talibus
1513 2396 1644 2445 ausis
1763 2452 1765 2454 ¹
1819 2415 1898 2457 535

224 2481 289 2541 di,
330 2481 370 2529 si
407 2498 506 2544 qua
542 2490 615 2530 est
651 2482 791 2529 caelo
827 2479 984 2543 pietas
1023 2496 1150 2542 quae
1187 2478 1303 2527 talia
1339 2487 1488 2538 curet,

223 2564 506 2625 persolvant
542 2571 700 2625 grates
738 2561 912 2625 dignas
950 2570 998 2610 et
1035 2560 1252 2624 praemia
1288 2561 1498 2609 reddant

225 2643 406 2703 debita,
449 2643 534 2706 qui
571 2643 674 2691 nati
712 2660 879 2691 coram
917 2659 997 2691 me
1036 2658 1234 2691 cernere
1272 2643 1426 2689 letum

223 2724 382 2774 fecisti
419 2734 467 2773 et
504 2724 687 2787 patrios
724 2724 935 2774 foedasti
971 2726 1142 2773 funere
1179 2725 1354 2771 vultus.

223 2815 273 2854 at
310 2822 412 2854 non
449 2806 543 2865 ille,
586 2815 747 2854 satum
786 2822 886 2869 quo
925 2814 972 2854 te
1011 2804 1245 2864 mentiris,
1285 2803 1504 2852 Achilles
1819 2821 1900 2862 540

224 2886 331 2935 talis
369 2887 420 2935 in
457 2889 599 2936 hoste
637 2887 728 2936 fuit
765 2887 961 2935 Priamo
982 2905 995 2947 3
1043 2888 1132 2935 sed
1168 2886 1272 2934 iura
1308 2887 1561 2948 fidemque

252 3028 441 3067 509-541
476 3016 567 3055 MP
675 3029 753 3066 517
786 3015 1015 3067 sedebant]
1040 3016 1242 3055 tenebant
1265 3014 1335 3053 Ml
1439 3025 1520 3064 532
1551 3013 1686 3052 fundit
1706 3011 1893 3062 Benthy⁴
