2014 3372
210 147 263 193 P.
302 146 603 193 VERGILI
643 145 969 194 MARONIS

208 287 308 335 iam
344 303 522 335 nosces
558 295 765 335 ventosa
800 288 925 335 ferat
962 286 1043 335 cui
1078 285 1232 350 gloria
1268 287 1525 335 fraudem.'

211 367 344 426 dixit,
384 377 435 416 at
471 367 554 415 illa
589 369 756 415 furens
791 367 992 430 acrique
1027 384 1238 416 accensa
1274 368 1446 416 dolore

209 448 357 498 tradit
393 466 579 512 equum
616 447 788 497 comiti
823 447 1125 511 paribusque
1161 447 1340 497 resistit
1375 447 1427 496 in
1463 448 1611 497 armis
1811 465 1888 510 710

210 547 328 579 ense
364 531 518 593 pedes
555 531 695 578 nudo
731 546 954 593 puraque
990 529 1210 578 interrita
1245 546 1427 593 parma.

209 621 261 660 at
295 610 486 659 iuvenis
522 610 699 659 vicisse
735 612 855 659 dolo
891 619 1024 659 ratus
1059 612 1224 659 avolat
1260 610 1366 674 ipse

212 693 369 758 (haud
405 691 579 756 mora),
619 691 971 755 conversisque
1006 694 1153 755 fugax
1186 694 1403 741 aufertur
1438 691 1647 741 habenis

212 774 674 838 quadripedemque
710 773 864 822 citum
902 775 1078 822 ferrata
1114 775 1250 821 03106
1293 772 1475 836 fatigat.

213 858 370 904 ‘vane
408 855 559 919 Ligus
597 857 875 917 frustraque
910 854 1089 903 animis
1126 856 1253 903 elate
1289 854 1529 918 superbis,
1810 873 1886 916 715

211 937 516 1000 nequiquam
553 936 733 1000 patrias
770 935 1025 999 temptasti
1060 935 1278 985 lubricus
1314 936 1443 997 artis,

211 1036 304 1068 nec
341 1021 471 1067 fraus
508 1027 558 1067 te
593 1018 899 1067 incolumem
935 1017 1097 1067 fallaci
1133 1021 1343 1082 perferet
1379 1020 1560 1066 Auno.'

211 1102 335 1149 haec
371 1102 498 1148 fatur
533 1100 683 1165 virgo,
723 1109 772 1149 et
807 1100 1091 1164 pernicibus
1126 1100 1271 1163 ignea
1306 1100 1487 1163 plantis

212 1182 383 1231 transit
421 1199 606 1245 equum
645 1199 791 1230 cursu
827 1182 1077 1245 frenisque
1113 1184 1320 1231 adversa
1355 1182 1611 1245 prehensis

212 1264 529 1327 congreditur
563 1280 854 1327 poenasque
890 1263 1094 1313 inimico
1131 1281 1191 1313 ex
1227 1263 1466 1327 sanguine
1502 1264 1681 1314 sumit:
1814 1281 1894 1326 720

214 1363 365 1410 quam
401 1345 544 1394 facile
579 1345 815 1409 accipiter
852 1363 970 1394 saxo
1007 1362 1144 1395 sacer
1179 1347 1281 1394 ales
1317 1346 1382 1394 ab
1417 1348 1519 1395 alto

214 1427 534 1491 consequitur
570 1427 749 1491 pennis
787 1427 1053 1476 sublimem
1090 1427 1141 1475 in
1178 1428 1313 1476 nube
1351 1427 1637 1476 columbam

214 1526 663 1573 comprensamque
700 1518 836 1557 tenet
873 1508 1189 1572 pedibusque
1225 1508 1462 1557 eviscerat
1498 1509 1639 1557 uncis
1658 1527 1680 1569 3-

214 1600 321 1639 tum
358 1607 501 1639 cruor
538 1600 587 1639 et
621 1592 790 1639 vulsae
825 1590 1058 1638 labuntur
1093 1590 1157 1638 ab
1194 1591 1393 1638 aethere
1428 1592 1640 1653 plumae.

283 1675 351 1720 At
376 1689 479 1720 non
503 1673 628 1720 haec
654 1671 801 1720 nullis
827 1671 1091 1720 hominum
1117 1680 1249 1720 sator
1273 1681 1423 1734 atque
1448 1673 1657 1720 deorum
1815 1690 1892 1732 725

217 1755 486 1802 observans
523 1753 680 1802 oculis
718 1770 916 1802 summo
954 1754 1094 1801 sedet
1130 1755 1258 1801 altus
1297 1754 1526 1815 Olympo.

216 1836 530 1897 Tyrrhenum
565 1834 759 1897 genitor
794 1836 1112 1883 Tarchonem
1149 1833 1201 1881 in
1236 1833 1423 1897 proelia
1459 1850 1604 1882 saeva

217 1916 420 1965 suscitat
456 1924 505 1964 et
541 1915 751 1964 stimulis
788 1917 923 1963 haud
961 1914 1194 1963 mollibus
1230 1914 1368 1962 inicit
1404 1914 1510 1964 iras.

219 2014 334 2061 ergo
370 1996 497 2044 inter
533 1998 712 2045 caedes
750 1995 1080 2058 cedentiaque
1119 1995 1331 2058 agmina·
1352 1997 1585 2044 Tarchon

218 2081 368 2128 fertur
405 2094 536 2140 equo
572 2077 815 2141 variisque
852 2076 1050 2140 instigat
1087 2075 1293 2125 vocibus
1330 2078 1431 2124 alas
1818 2093 1896 2138 730

219 2159 423 2209 nomine
460 2175 711 2222 quemque
746 2176 944 2218 vocans,
986 2157 1242 2220 reficitque
1279 2157 1330 2206 in
1367 2157 1554 2220 proelia
1589 2159 1771 2221 pulsos.

225 2241 361 2305 ‘quis
399 2249 574 2300 metus,
614 2257 644 2288 o
681 2257 956 2303 numquam
993 2239 1208 2299 dolituri,
1247 2256 1279 2288 o
1316 2256 1511 2303 semper
1546 2239 1726 2288 inertes

221 2322 477 2386 Tyrrheni,
518 2338 645 2385 quae
681 2331 818 2370 tanta
853 2321 1032 2371 animis
1069 2321 1262 2385 ignavia
1298 2321 1469 2370 venit?

221 2404 407 2453 femina
443 2403 652 2467 palantis
688 2403 788 2466 agit
823 2413 973 2467 atque
1010 2405 1134 2452 haec
1170 2403 1369 2467 agmina
1403 2403 1578 2452 vertit!

224 2503 324 2550 quo
361 2487 543 2534 ferrum
579 2485 762 2548 quidve
798 2487 923 2535 haec
959 2485 1173 2550 gerimus
1212 2487 1309 2533 tela
1344 2484 1489 2533 inrita
1524 2484 1746 2534 dextris?
1819 2501 1894 2545 735

224 2577 274 2616 at
310 2584 412 2616 non
448 2567 499 2614 in
535 2569 783 2616 Venerem
822 2584 996 2631 segnes
1035 2576 1378 2630 nocturnaque
1414 2568 1557 2626 bella,

224 2658 309 2698 aut
345 2647 616 2697 ubi'curva
652 2650 829 2698 choros
868 2648 1043 2698 indixit
1080 2648 1201 2697 tibia
1239 2648 1436 2696 Bacchi.

283 2778 387 2827 708·
391 2779 470 2827 736
491 2777 650 2825 MPR;
683 2791 759 2828 737
784 2778 875 2817 MR
1109 2780 1188 2827 708
1219 2778 1408 2817 fraudem
1431 2776 1570 2816 Mle
1591 2777 1652 2830 (in
1671 2777 1837 2829 rasura)
1863 2776 1898 2816 (5²

227 2832 371 2872 Sera:
419 2832 590 2871 laudem
621 2831 734 2871 M²P
752 2834 813 2880 (m
844 2832 1013 2885 rasura)
1036 2847 1088 2895 γ’.
1078 2835 1092 2863 ’ἱ
1108 2847 1128 2872 c
1130 2832 1188 2871 ιπ’1
1220 2832 1402 2885 agnosctt
1416 2831 1528 2872 Serv.
1539 2831 1716 2883 ,probat
1730 2831 1894 2880 Hemy:

227 2899 408 2937 poenam
428 2886 600 2925 ἅείενιοφ
597 2899 647 2935 es,
671 2886 785 2936 quod
800 2888 923 2926 etiam
944 2900 987 2925 m
1008 2902 1036 2938 γ
1055 2887 1257 2926 anvem‘sse
1274 2900 1315 2925 se
1331 2886 1494 2926 credidit
1506 2886 1709 2924 Hei’nsms
1820 2885 1900 2935 728

230 2940 363 2991 inicit]
401 2941 549 2979 incitat
578 2939 745 2991 MP7b:
787 2941 940 2980 incutit
968 2941 1169 2980 Hei'nstus
1362 2953 1439 2990 737
1470 2940 1596 2992 vulgo
1619 2951 1784 2978 comma
1807 2941 1905 2993 post

231 2994 388 3033 Bacchi
406 2995 588 3046 ponitur,
614 3000 706 3034 recte
723 2995 977 3046 interpunxzt
994 2995 1175 3035 Kloucek
