2014 3372
1361 166 1507 214 AEN
1512 166 1724 216 EIDOS
1762 167 1837 215 VI

167 320 300 353 nunc
336 321 417 353 me
453 305 630 353 fluctus
666 303 818 352 habet
852 312 1148 367 versantque
1183 303 1235 353 in
1273 303 1416 353 litore
1451 305 1598 354 venti.

167 386 304 448 quod
340 395 388 434 te
423 402 510 449 per
546 384 669 433 caeli
704 384 980 433 iucundum
1016 386 1187 434 lumen
1224 394 1273 434 et
1308 402 1463 446 auras,

165 484 251 530 per
285 466 558 529 genitorem
595 483 694 526 oro,
735 483 821 529 per
856 482 968 528 spes
1006 466 1247 528 surgentis
1287 467 1395 527 Iuli,

165 547 297 610 eripe
335 564 415 596 me
451 547 539 607 his,
580 547 773 607 invicte,
814 546 987 595 malis:
1035 557 1120 595 aut
1156 557 1210 595 tu
1247 547 1369 595 mihi
1406 557 1583 597 terram
1756 556 1832 608 365

164 627 305 687 inice,
345 645 561 691 namque
596 637 750 692 poteS,
790 637 1060 691 portusque
1096 628 1288 691 require
1323 629 1564 690 Velinos;

163 719 247 758 aut
283 720 349 770 tu,
389 710 429 758 si
466 727 564 773 qua
598 710 677 758 via
712 720 799 770 est,
839 710 879 759 si
916 728 1066 774 quam
1102 711 1192 760 tibi
1229 711 1343 760 diva
1378 712 1583 761 creatrix

164 792 380 841 ostendit
419 791 603 856 (neque
639 791 786 851 enim,
826 793 991 852 credo,
1031 792 1137 841 sine
1173 793 1379 842 numine
1414 793 1586 842 divum

163 873 368 921 flumina
403 882 538 921 tanta
573 890 714 936 paras
751 872 1070 937 Stygiamque
1106 873 1277 923 innare
1313 875 1586 939 paludem),

163 956 227 1003 da
263 956 484 1003 dextram
520 954 699 1003 misero
735 964 784 1003 et
821 963 987 1004 tecum
1024 972 1104 1004 me
1141 957 1260 1004 tolle
1294 972 1382 1018 per
1417 957 1590 1016 undas,
1753 973 1834 1018 370

162 1035 363 1084 sedibus
400 1045 453 1084 ut
490 1037 663 1084 saltem
699 1035 907 1098 placidis
943 1035 995 1084 in
1033 1045 1191 1085 morte
1228 1036 1511 1100 quiescam!

162 1116 276 1164 talia
311 1118 438 1164 fatus
475 1126 576 1165 erat
612 1116 778 1179 coepit
814 1133 929 1165 cum
965 1116 1081 1165 talia
1116 1126 1285 1166 vates:

166 1202 176 1222 ‘
195 1199 330 1246 unde
365 1199 502 1257 haec,
542 1215 573 1246 o
610 1198 852 1258 Palinure,
892 1198 982 1247 tibi
1018 1208 1119 1247 tam
1156 1199 1262 1248 dira
1297 1198 1522 1262 cupido?

160 1287 214 1327 tu
250 1278 438 1341 Stygias
474 1279 760 1328 inhumatus
796 1296 950 1343 aquas
986 1296 1287 1343 amnemque
1323 1296 1548 1329 severum

162 1359 500 1408 Eumenidum
536 1359 758 1422 aspicies,
798 1360 1016 1423 ripamve
1051 1359 1265 1409 iniussus
1301 1360 1501 1410 adibis?
1755 1380 1832 1424 375

159 1441 331 1490 desine
367 1443 467 1490 fata
502 1443 654 1490 deum
691 1441 823 1490 flecti
859 1458 1054 1505 sperare
1088 1443 1353 1504 precando.

159 1524 406 1585 sedffcape
442 1522 575 1572 dicta
611 1540 815 1583 memor,
854 1522 965 1572 duri
1001 1522 1184 1572 solacia
1219 1540 1378 1572 casus.

159 1620 274 1652 nam
311 1613 394 1652 tua
430 1603 640 1663 finitimi,
681 1605 828 1667 longe
866 1605 1063 1666 lateque
1099 1621 1186 1667 per
1221 1605 1368 1653 urbes

158 1684 392 1748 prodigiis
428 1684 526 1733 acti
565 1684 873 1745 caelestibus,
915 1701 1027 1734 ossa
1061 1684 1271 1748 piabunt

158 1774 206 1813 et
242 1774 458 1815 statuent
495 1768 743 1815 tumulum
782 1775 830 1815 et
867 1768 1060 1814 tumulo
1097 1766 1357 1815 sollemnia
1393 1766 1604 1826 mittent,
1752 1776 1832 1826 380

156 1855 511 1910 aeternumque
548 1849 687 1897 locus
724 1846 942 1895 Palinuri
978 1864 1163 1896 nomen
1199 1846 1434 1895 habebit.'

157 1928 232 1977 his
270 1929 413 1978 dictis
451 1947 596 1978 curae
633 1939 828 1979 emotae
866 1931 1138 1992 pulsusque
1173 1945 1437 1992 parumper

157 2015 306 2062 corde
343 2015 485 2063 dolor
522 2013 644 2062 tristi
662 2032 675 2074 3
724 2013 907 2076 gaudet
945 2011 1244 2074 cognomine
1280 2019 1418 2059 terra.

225 2096 356 2157 Ergo
391 2094 482 2143 iter
517 2094 772 2156 inceptum
810 2101 1050 2155 peragunt
1086 2091 1337 2154 fluvioque
1373 2089 1722 2155 propinquant.

156 2173 320 2222 navita
355 2192 480 2238 quos
517 2175 614 2223 iam
652 2174 770 2223 inde
807 2182 860 2221 ut
897 2172 1062 2235 Stygia
1097 2171 1346 2234 prospexit
1382 2173 1447 2220 ab
1483 2174 1619 2222 unda
1750 2182 1824 2233 385

155 2272 242 2318 per
277 2240 480 2305 tacitum
516 2273 692 2305 nemus
730 2255 799 2303 ire
835 2256 1118 2317 pedemque
1153 2255 1407 2302 advertere
1443 2253 1590 2317 ripae,

155 2335 225 2384 sic
260 2337 391 2400 prior
426 2338 709 2401 adgreditur
746 2336 891 2386 dictis
929 2344 1079 2398 atque
1115 2334 1337 2396 increpat
1371 2336 1532 2383 ultro:

160 2418 410 2481 ‘quisquis
448 2436 514 2478 es,
552 2428 767 2467 armatus
805 2417 891 2480 qui
927 2426 1095 2465 nostra
1129 2417 1194 2464 ad
1230 2414 1437 2463 flumina
1471 2414 1648 2474 tendis,

154 2500 254 2547 fare
289 2516 380 2563 age
416 2499 538 2562 quid
573 2499 741 2548 venias
778 2498 877 2547 iam
913 2498 1072 2557 istinc,
1113 2507 1161 2546 et
1197 2496 1469 2560 comprime
1504 2513 1738 2559 gressum.

154 2580 438 2628 umbrarum
476 2580 557 2628 hic
593 2583 731 2629 locus
770 2589 857 2639 est,
898 2579 1060 2628 somni
1098 2578 1359 2641 noctisque
1395 2593 1633 2640 soporae:
1743 2598 1825 2639 390

156 2676 361 2723 corpora
395 2660 505 2708 viva
541 2663 677 2709 nefas
716 2659 882 2723 Stygia
916 2668 1110 2708 vectare
1147 2659 1325 2708 carina.

154 2756 247 2788 nec
283 2757 398 2788 vero
435 2740 649 2789 Alciden
685 2757 766 2789 me
803 2757 912 2789 sum
948 2742 1157 2788 laetatus
1195 2748 1397 2788 euntem

208 2871 398 2919 362—392
439 2868 569 2907 MPR
860 2881 940 2919 375
970 2868 1105 2908 abibis
1143 2866 1206 2906 ἐπ’
1244 2867 1453 2907 detenbres
1491 2866 1667 2917 quidam
1706 2866 1820 2906 Serv,

153 2924 235 2972 383
265 2930 379 2962 terra
395 2923 602 2962 deteriores
614 2924 745 2974 pauci
759 2922 903 2963 Sem:
934 2929 1077 2962 terrae
1098 2921 1349 2972 MPR‘ybcm
1363 2922 1527 2960 Nonius
1610 2923 1693 2971 385
1724 2934 1823 2960 con-

154 2977 299 3069 {peligit
319 2977 372 3014 M
506 2978 585 3028 387
617 2978 858 3027 adloquitur
889 2976 955 3014 Rb
1098 2977 1178 3027 388
1209 2977 1365 3015 tendes
1396 2975 1479 3026 P-yl
1625 2988 1708 3026 390
1738 2974 1822 3026 est]
