2020 3372
183 137 235 184 P.
276 136 577 185 VERGILI
617 135 943 185 MARONIS

181 283 423 323 mutatam
459 274 686 338 ignorent
722 273 888 323 subito
925 290 988 322 ne
1025 272 1216 323 semina
1251 283 1471 324 matrem.

181 355 302 419 quin
339 356 489 405 etiam
527 356 649 405 caeli
686 355 939 419 regionem
976 355 1027 403 in
1065 355 1248 405 cortice
1285 355 1494 419 signant,

180 448 247 499 ut,
288 456 389 502 quo
426 456 655 502 quaeque
692 440 847 487 modo
884 438 1083 498 steterit,
1123 456 1221 502 qua
1256 448 1394 502 parte
1430 441 1618 488 calores
1781 456 1858 502 270

180 520 425 569 austrinos
463 520 640 580 tulerit,
681 537 810 583 quae
847 529 982 583 terga
1017 520 1282 570 obverterit
1317 521 1409 581 axi,

180 602 471 651 restituant:
509 604 638 651 adeo
674 602 726 650 in
763 601 943 651 teneris
981 619 1307 652 consuescere
1344 605 1557 651 multum
1594 611 1680 652 est.

181 684 392 733 collibus
429 701 493 732 an
530 686 681 747 plano
719 684 896 733 melius
934 684 995 733 sit
1031 702 1218 748 ponere
1254 684 1405 734 vitem

180 783 362 829 quaere
398 767 545 830 prius.
622 767 662 816 si
698 767 896 832 pinguis
932 785 1075 832 agros
1112 770 1364 818 metabere
1401 769 1577 833 campi,

180 850 336 897 densa
362 866 467 897 sere
491 869 500 897 ε
551 849 602 897 in
628 851 787 899 denso
813 868 915 899 non
943 850 1140 914 segnior
1164 852 1317 900 ubere
1344 854 1571 900 Bacchus
1592 869 1607 912 ,·
1781 869 1857 913 275

179 929 255 978 sin
292 930 496 979 tumulis
533 931 720 980 acclive
758 934 921 980 solum
958 932 1199 995 collisque
1237 932 1456 996 supinos,

179 1011 381 1075 indulge
418 1011 677 1061 ordinibus
695 1031 709 1074 3
746 1030 839 1062 nec
877 1013 1029 1062 setius
1068 1014 1230 1063 omnis
1267 1014 1319 1063 in
1355 1031 1573 1078 unguem

178 1093 436 1142 arboribus
473 1093 648 1156 positis
687 1104 824 1144 secto
860 1095 939 1143 via
974 1095 1129 1144 limite
1167 1098 1403 1159 quadret:

179 1183 232 1223 ut
269 1192 417 1238 saepe
453 1175 643 1239 ingenti
681 1176 813 1225 bello
850 1194 965 1225 cum
1003 1179 1151 1240 longa
1187 1177 1404 1226 cohortis

179 1257 412 1319 explicuit
448 1257 577 1320 legio
616 1267 663 1306 et
701 1275 881 1321 campo
918 1258 1053 1307 stetit
1089 1275 1267 1322 agmen
1303 1268 1488 1323 aperto,
1783 1268 1860 1308 280

179 1340 509 1401 derectaeque
545 1338 690 1398 acies,
731 1356 790 1387 ac
827 1342 923 1388 late
961 1342 1167 1388 fluctuat
1204 1341 1366 1389 omnis

177 1437 289 1469 aere
326 1420 572 1469 renidenti
609 1423 765 1480 tellus,
807 1423 1025 1470 necdum
1063 1421 1262 1470 horrida
1298 1422 1509 1471 miscent

178 1502 376 1565 proelia,
417 1503 507 1572 sed
543 1502 725 1551 dubius
763 1502 940 1551 mediis
980 1505 1115 1551 Mars
1153 1512 1277 1552 errat
1313 1503 1364 1551 in
1400 1503 1560 1552 armis.

179 1583 347 1633 omnia
384 1584 481 1632 sint
518 1584 719 1648 paribus
757 1584 975 1634 numeris
1013 1585 1241 1634 dimensa
1277 1585 1497 1646 viarum;

177 1683 280 1714 non
316 1665 540 1714 animum
578 1668 732 1715 modo
768 1666 841 1715 uti
877 1676 1048 1730 pascat
1085 1676 1375 1731 prospectus
1412 1667 1624 1727 inanem,
1781 1677 1857 1728 285

177 1748 265 1795 sed
303 1747 418 1810 quia
455 1765 558 1796 non
594 1747 733 1796 aliter
768 1747 880 1796 viris
919 1748 1058 1797 dabit
1094 1749 1326 1797 omnibus
1363 1766 1546 1812 aequas

177 1837 314 1888 terra,
354 1846 519 1892 neque
555 1829 607 1877 in
642 1846 855 1878 vacuum
892 1839 1126 1893 poterunt
1162 1847 1214 1879 se
1251 1832 1516 1880 extendere
1551 1829 1686 1878 rami.

247 1911 472 1960 Forsitan
509 1921 558 1960 et
595 1911 853 1961 scrobibus
891 1929 1019 1975 quae
1056 1912 1152 1960 sint
1188 1912 1380 1975 fastigia
1416 1928 1635 1975 quaeras.

175 1994 335 2043 ausim
371 1996 449 2043 vel
485 1994 623 2043 tenui
659 1994 810 2042 vitem
847 1994 1157 2042 committere
1193 1997 1344 2043 sulco.

176 2075 318 2124 altior
353 2093 411 2124 ac
447 2075 644 2139 penitus
681 2085 837 2124 terrae
873 2075 1101 2138 defigitur
1136 2076 1295 2135 arbos,
1778 2095 1858 2136 290

176 2159 402 2205 aesculus
438 2156 489 2204 in
526 2156 709 2220 primis,
750 2174 878 2220 quae
915 2165 1158 2219 quantum
1193 2156 1375 2205 vertice
1410 2157 1475 2204 ad
1510 2172 1652 2204 auras

175 2239 416 2287 aetherias
454 2248 648 2287 tantum
684 2238 850 2287 radice
885 2238 937 2286 in
973 2241 1177 2287 Tartara
1213 2238 1385 2287 tendit.

177 2338 292 2385 ergo
329 2339 431 2370 non
468 2321 658 2370 hiemes
695 2321 843 2381 illam,
884 2338 987 2370 non
1023 2322 1176 2369 flabra
1213 2338 1377 2384 neque
1413 2319 1595 2369 imbres

177 2405 492 2452 convellunt:
537 2403 746 2452 immota
782 2412 951 2451 manet
987 2405 1271 2466 multosque
1307 2411 1529 2465 nepotes,

178 2487 331 2533 multa
367 2485 525 2535 virum
562 2488 766 2534 volvens
803 2486 1031 2534 durando
1068 2487 1265 2534 saecula
1299 2484 1465 2544 vincit,
1776 2504 1852 2547 295

176 2576 282 2615 tum
319 2567 455 2615 fortis
492 2569 590 2615 late
627 2584 790 2615 ramos
828 2576 876 2616 et
912 2567 1144 2616 bracchia
1180 2568 1391 2616 tendens

176 2649 274 2696 huc
310 2648 426 2695 illuc
463 2647 630 2696 media
665 2648 772 2710 ipsa
807 2647 1060 2710 ingentem
1098 2647 1305 2696 sustinet
1341 2647 1582 2696 umbram.

231 2778 421 2828 268-273
442 2777 595 2826 MPR;
627 2792 816 2830 274-297
840 2778 1019 2818 MPRV
1243 2780 1323 2818 268
1344 2783 1501 2818 mutata
1521 2793 1549 2828 γ
1660 2791 1743 2827 274
1761 2777 1852 2827 agri

175 2833 219 2883 71
341 2846 516 2883 campos
535 2833 603 2883 Ργ
742 2836 822 2883 285
853 2834 992 2872 inanis
1007 2833 1148 2881 Jortz'n
1299 2835 1378 2883 287
1409 2847 1456 2873 se
1477 2846 1559 2871 om.
1582 2831 1664 2871 PR
1683 2831 1855 2870 szbeck

176 2888 475 2980 &anibdioem
497 2887 588 2926 MP
711 2901 791 2938 294
822 2887 1024 2940 nepotes]
1046 2901 1125 2938 per
1145 2900 1281 2927 annos
1307 2886 1393 2938 γ’γε
1499 2888 1581 2938 296
1610 2886 1803 2937 pandens
1823 2900 1853 2936 γ

221 2956 233 2979 ι
284 2955 322 2980 ec
