2014 3372
236 131 306 178 P.-
328 130 627 178 VERGILI
668 128 928 178 MARON
934 128 994 176 IS

234 270 421 321 fatidici
456 270 705 335 genitoriS,
744 269 848 318 adit
885 270 1125 332 lucosque
1162 269 1254 318 sub
1290 270 1390 318 alta

234 352 447 402 consulit
483 353 729 410 Albunea,
769 367 1032 399 nemorum
1068 367 1196 413 quae
1233 349 1446 399 maxima
1479 351 1620 399 Sacro

233 436 370 482 fonte
407 442 551 482 sonat
588 448 887 495 saevamque
923 433 1117 481 exhalat
1153 448 1311 494 opaca
1346 429 1620 495 mephitim.

233 514 351 563 hinc
390 516 544 563 Italae
580 522 752 577 gentes
790 512 1054 576 omnisque
1092 512 1332 562 Oenotria
1368 514 1513 560 tellus
1856 519 1908 572 85

232 597 284 646 in
322 596 487 647 dubiis
524 612 762 660 responsa
797 604 1009 659 petunt3
1045 596 1143 643 huc
1180 595 1315 643 dona
1350 594 1580 642 sacerdos

231 697 347 728 cum
385 680 495 728 tulit
532 688 581 727 et
617 694 872 727 caesarum
909 676 1078 725 ovium
1115 676 1209 725 sub
1245 684 1393 724 nocte
1429 674 1594 724 silenti

231 761 444 825 pellibus
481 760 708 809 incubuit
745 759 905 808 stratis
943 775 1248 822 somnosque
1283 757 1470 820 petivit,

232 845 388 892 multa
424 842 586 891 modis
624 842 885 891 simulacra
921 840 1056 889 videt
1091 839 1347 890 volitantia
1383 839 1517 889 miris

231 934 280 974 et
316 924 470 974 varias
507 923 647 972 audit
682 939 830 972 voces
867 921 1141 985 fruiturque
1177 923 1387 970 deorum
1855 940 1908 982 90

231 1005 500 1069 conloquio
537 1014 687 1068 atque
724 1003 835 1053 imis
872 1005 1160 1053 Acheronta
1196 1004 1390 1052 adfatur
1424 1003 1648 1052 Avernis.

230 1088 312 1137 hic
348 1097 397 1137 et
433 1097 539 1136 tum
576 1096 715 1150 pater
750 1086 857 1149 ipse
893 1094 1068 1148 petens
1105 1101 1341 1147 responsa
1377 1084 1584 1133 Latinus

230 1178 432 1218 centum
468 1168 707 1231 lanigeras
744 1167 994 1216 mactabat
1029 1166 1119 1215 rite
1154 1165 1385 1225 bidentis,

228 1260 378 1314 atque
415 1252 592 1299 harum
629 1251 826 1299 effultus
864 1257 1002 1311 tergo
1039 1247 1299 1311 stratisque
1334 1246 1528 1297 iacebat

229 1332 520 1382 velleribus:
571 1330 735 1379 subita
773 1347 833 1378 ex
868 1332 969 1378 alto
1005 1346 1100 1377 vox
1135 1328 1329 1378 reddita
1364 1330 1479 1377 luco
1515 1338 1622 1378 est:
1852 1349 1904 1390 95

232 1419 326 1463 ‘ne
363 1423 476 1477 pete
513 1412 741 1461 conubiis
778 1421 947 1460 natam
984 1410 1172 1461 sociare
1208 1410 1412 1471 Latinis,

228 1513 259 1544 o
297 1513 408 1544 mea
443 1494 718 1558 progenies,
758 1493 987 1542 thalamis
1025 1510 1124 1541 neu
1159 1494 1308 1541 crede
1344 1492 1559 1556 paratis;

228 1577 415 1626 externi
450 1576 652 1626 venient
687 1575 868 1640 generi,
908 1575 995 1638 qui
1031 1574 1270 1638 sanguine
1306 1584 1531 1623 nostrum

228 1676 414 1723 nomen
451 1659 501 1707 in
537 1668 666 1707 astra
702 1660 874 1717 ferant,
914 1674 1228 1720 quorumque
1267 1671 1297 1702 a
1333 1654 1482 1719 stirpe
1519 1664 1726 1719 nepotes

228 1740 397 1789 omnia
433 1741 525 1789 sub
562 1740 791 1803 pedibus,
831 1756 931 1803 qua
968 1741 1053 1788 Sol
1091 1747 1357 1802 utrumque
1394 1755 1647 1787 recurrens
1827 1758 1907 1789 100

226 1822 401 1885 aspicit
438 1823 714 1881 Oceanum,
754 1821 976 1883 vertique
1012 1820 1212 1884 regique
1248 1820 1519 1870 videbunt.'

228 1905 352 1952 haec
389 1920 626 1966 responsa
661 1903 812 1966 patris
851 1902 1011 1950 Fauni
1048 1902 1367 1965 monitusque
1405 1901 1567 1950 silenti

227 1995 374 2035 nocte
411 1987 553 2035 datos
591 2003 694 2034 non
731 1985 837 2048 ipse
873 2002 964 2033 suo
1001 1983 1180 2047 premit
1216 2000 1300 2035 ore
1341 1983 1560 2042 Latinus,

226 2069 316 2116 sed
352 2067 539 2116 circum
576 2069 674 2115 late
710 2066 922 2115 volitans
960 2065 1060 2115 iam
1099 2068 1252 2115 Fama
1287 2082 1374 2128 per
1410 2064 1557 2113 urbes
1804 2124 1808 2127 χ

225 2149 475 2198 Ausonias
512 2151 701 2209 tulerat,
743 2166 859 2197 cum
897 2147 1263 2196 Laomedontia
1298 2147 1456 2210 pubes
1827 2165 1901 2205 105

224 2230 476 2294 gramineo
514 2230 647 2294 ripae
683 2229 902 2293 religavit
938 2230 1001 2278 ab
1037 2246 1212 2292 aggere
1248 2231 1469 2277 classem.

292 2315 488 2361 Aeneas
525 2312 770 2375 primique
807 2313 961 2360 duces
998 2320 1046 2359 et
1081 2312 1288 2373 pulcher
1323 2312 1462 2359 Iulus

224 2409 430 2455 corpora
465 2394 559 2441 sub
595 2393 742 2441 ramis
778 2394 1040 2456 deponunt
1074 2392 1260 2440 arboris
1295 2393 1437 2450 altae,

223 2474 585 2538 instituuntque
622 2477 776 2537 dapes
813 2483 862 2523 et
898 2476 1081 2524 adorea
1116 2473 1216 2522 liba
1250 2490 1338 2536 per
1372 2473 1579 2522 herbam

222 2555 474 2603 subiciunt
511 2556 668 2619 epulis
709 2556 799 2620 (sic
839 2556 1063 2619 Iuppiter
1098 2555 1205 2619 ipse
1240 2554 1497 2618 monebat)
1822 2573 1901 2601 110

223 2646 273 2686 et
310 2639 514 2687 Cereale
551 2640 714 2686 solum
751 2638 914 2700 pomis
951 2638 1223 2701 agrestibus
1260 2645 1454 2700 augent.
1904 2639 1906 2641 ’

220 2719 531 2783 consumptis
569 2720 651 2769 hic
688 2722 814 2769 forte
850 2720 972 2780 aliis,
1013 2730 1067 2769 ut
1103 2729 1290 2769 vertere
1326 2736 1519 2768 morsus

276 2851 440 2888 82-112
462 2850 593 2889 MPR
786 2854 839 2900 84
869 2864 1129 2900 saevumque
1149 2850 1240 2889 Μόι
1351 2863 1405 2899 92
1436 2850 1534 2887 hinc
1554 2848 1729 2897 Bentley,
1747 2848 1902 2898 probat

224 2905 429 2956 Gathling
529 2918 583 2956 95
605 2905 746 2944 subito
767 2905 821 2943 M
920 2908 974 2955 98
995 2907 1173 2945 veniunt
1194 2904 1269 2944 a²c²
1290 2905 1500 2943 deteriores
1519 2902 1702 2953 quidam,
1725 2902 1901 2951 praefert

218 2958 334 2999 Serv.
510 2973 586 2998 110
617 2960 708 3010 ipse
728 2960 976 3011 M¹PR7bc2
1027 2960 1096 3000 ille
1126 2959 1223 2999 M²⁷r
1252 2959 1460 2999 detem'oms
1481 2956 1670 3008 quidam,
1698 2961 1908 2998 testantun

222 3012 463 3052 Priscianus
484 3014 613 3064 Serv„
629 3014 781 3066 probat
797 3015 964 3065 Bentley
