2014 3372
235 157 287 203 P.
328 156 627 204 VERGILI
668 155 994 205 MARONIS

230 297 270 347 si
307 307 355 346 te
391 299 491 346 fata
526 305 707 346 vocant
724 315 737 357 3
785 295 925 345 aliter
961 312 1064 345 non
1101 294 1286 344 viribus
1323 294 1435 344 ullis

229 379 425 428 vincere
462 395 556 427 nec
592 379 718 427 duro
755 377 937 441 poteris
976 378 1254 426 convellere
1290 378 1430 426 ferro.

227 470 479 525 praeterea
515 460 642 508 iacet
679 459 963 508 exanimum
1000 459 1090 508 tibi
1126 475 1306 522 corpus
1342 457 1490 507 amici

229 544 348 608 (heu
385 541 567 606 nescis)
606 551 864 605 totamque
899 541 1110 591 incestat
1146 543 1318 589 funere
1354 542 1576 600 classem,
1831 558 1910 601 150

227 626 349 674 dum
386 625 614 673 consulta
649 624 775 687 petis
813 633 1084 686 nostroque
1120 622 1171 671 in
1207 621 1378 671 limine
1414 623 1616 685 pendeS.

226 705 428 755 sedibus
465 707 601 754 hunc
637 708 761 755 refer
796 715 911 755 ante
949 705 1049 754 suis
1087 714 1135 754 et
1172 706 1336 754 conde
1372 705 1613 767 sepulcro.

226 789 324 836 duc
362 787 522 849 nigras
560 788 780 849 pecudes
798 806 811 848 3
860 804 918 836 ea
953 786 1113 849 prima
1147 785 1342 848 piacula
1378 793 1539 833 sunto.

225 868 295 917 sic
332 870 537 917 demum
574 870 714 917 lucos
752 867 911 932 Stygis
949 877 997 917 et
1034 884 1183 931 regna
1219 866 1351 915 invia
1386 865 1508 915 vivis

222 948 463 1012 aspicies.'
535 948 669 1009 dixit,
709 966 980 1013 pressoque
1017 947 1268 997 obmutuit
1304 964 1402 996 ore.
1825 965 1902 1007 155

290 1035 488 1080 Aeneas
526 1040 716 1080 maesto
753 1033 944 1080 defixus
980 1031 1181 1079 lumina
1204 1032 1343 1079 vultu

222 1112 494 1177 ingreditur
529 1113 760 1176 linquens
796 1122 1007 1173 antrum,
1047 1129 1323 1175 caecosque
1358 1112 1547 1160 volutat

222 1204 428 1244 eventus
465 1195 633 1244 animo
671 1212 855 1244 secum.
931 1194 1011 1243 cui
1047 1196 1176 1243 fidus
1213 1195 1432 1242 Achates

220 1276 257 1325 it
295 1293 463 1326 comes
501 1285 550 1326 et
585 1275 785 1340 paribus
823 1275 951 1325 curis
987 1275 1191 1339 vestigia
1226 1274 1342 1339 figit.

222 1360 378 1406 multa
413 1357 540 1407 inter
576 1374 684 1407 sese
720 1356 854 1406 vario
892 1373 1121 1406 sermone
1158 1357 1401 1416 serebant,
1824 1364 1903 1405 160

220 1455 372 1502 quem
409 1438 601 1487 socium
639 1437 923 1487 exanimum
959 1447 1109 1497 vates,
1149 1439 1287 1500 quod
1325 1453 1504 1500 corpus
1541 1437 1856 1486 humandum

219 1520 418 1569 diceret.
454 1554 456 1557 -
493 1529 643 1583 atque
679 1519 748 1568 illi
787 1519 1041 1568 Misenum
1081 1518 1133 1567 in
1170 1518 1311 1567 litore
1348 1518 1493 1577 sicco,

220 1613 274 1651 ut
310 1620 502 1663 venere,
542 1603 713 1652 vident
749 1602 954 1666 indigna
991 1611 1149 1652 morte
1185 1611 1512 1666 peremptum,

223 1684 478 1733 Misenum
515 1684 777 1745 Aeoliden,
819 1701 920 1748 quo
957 1702 1060 1734 non
1097 1683 1421 1748 praestantior
1456 1686 1577 1733 alter

217 1784 331 1816 aere
368 1767 496 1816 ciere
532 1766 661 1816 viros
701 1769 1017 1830 Martemque
1052 1768 1326 1816 accendere
1363 1775 1524 1815 cantu.
1820 1774 1896 1827 165

221 1851 456 1900 Hectoris
493 1850 575 1899 hic
612 1851 778 1914 magni
815 1853 971 1901 fuerat
1009 1868 1190 1911 comes,
1233 1854 1456 1900 Hectora
1492 1850 1677 1900 circum

218 1942 267 1982 et
308 1932 431 1981 lituo
468 1948 659 1996 pugnas
696 1931 901 1995 insignis
939 1932 1111 1982 obibat
1148 1941 1196 1981 et
1232 1934 1385 1981 hasta.

217 2023 484 2077 postquam
521 2013 660 2062 illum
697 2013 796 2062 vita
831 2013 987 2063 victor
1024 2013 1251 2076 spoliavit
1286 2013 1520 2072 Achilles,

220 2094 475 2144 Dardanio
512 2098 715 2144 Aeneae
752 2112 859 2144 sese
895 2094 1189 2144 fortissimus
1225 2096 1371 2144 heros

216 2177 476 2226 addiderat
513 2176 720 2236 socium,
759 2193 862 2225 non
898 2176 1129 2226 inferiora
1164 2185 1375 2225 secutus.
1818 2193 1905 2237 170⁷

217 2260 307 2307 sed
343 2267 463 2318 tum,
503 2260 627 2307 forte
664 2274 784 2306 cava
819 2259 941 2306 dum
977 2266 1209 2321 personat
1245 2273 1463 2320 aequora
1498 2258 1705 2316 concha,

217 2341 438 2399 demens,
480 2348 528 2387 et
565 2348 714 2388 cantu
750 2347 895 2388 vocat
932 2338 982 2386 in
1019 2338 1290 2388 certamina
1325 2338 1480 2398 divos,

216 2422 441 2469 aemulus
479 2429 741 2483 exceptum
778 2419 967 2479 Triton,
1009 2419 1049 2468 si
1086 2421 1286 2468 credere
1322 2419 1529 2483 dignum
1565 2427 1653 2478 est,

217 2502 343 2551 inter
379 2519 494 2551 saxa
528 2501 686 2551 virum
724 2519 960 2565 spumosa
994 2501 1299 2550 immerserat
1334 2503 1482 2550 unda.

216 2601 332 2647 ergo
369 2600 544 2632 omnes
582 2601 763 2647 magno
800 2584 986 2633 circum
1023 2586 1239 2633 clamore
1275 2583 1564 2641 fremebant,
1813 2600 1888 2643 175

216 2664 480 2727 praecipue
516 2663 626 2727 pius
662 2667 872 2713 Aeneas.
948 2673 1054 2713 tum
1093 2663 1226 2713 iussa
1261 2663 1487 2726 Sibyllae,

216 2747 352 2794 haud
388 2762 540 2805 mora,
579 2745 814 2794 festinant
850 2747 1024 2794 flentes
1060 2761 1297 2808 aramque
1334 2746 1562 2807 sepulcro

275 2888 461 2925 147-177
487 2874 619 2913 MPR
842 2887 915 2924 147
947 2874 1052 2926 non]
1086 2888 1166 2913 nec
1190 2874 1233 2912 R
1403 2885 1479 2924 154
1511 2873 1676 2923 Stygiis
1701 2870 1885 2923 M¹R7¹:

217 2931 393 2980 Stygios
414 2930 612 2982 P²7²bcm
782 2931 859 2979 156
889 2931 1083 2969 deflexus
1102 2929 1159 2967 Pl
1183 2934 1229 2967 ut
1246 2928 1407 2968 videtur
1563 2940 1638 2977 177
1669 2926 1886 2977 sepulchri

215 2985 397 3024 MRb²crr
417 2985 554 3025 Servii
569 2983 723 3035 codice-³,
748 2984 822 3023 sed
837 2985 920 3035 ipse
936 2984 1126 3023 dativum
1148 2984 1287 3036 legisse
1303 2983 1466 3023 videtur
