2014 3372
230 117 281 164 P.
323 117 623 165 VERGILI
664 116 990 165 MARONIS

299 256 379 305 Sic
416 259 622 317 Venus3
670 266 719 305 et
755 255 963 304 Veneris
1000 264 1172 305 contra
1207 255 1278 305 sic
1314 255 1443 304 filius
1479 273 1649 305 orsus:
1826 275 1901 316 325

232 339 397 386 ‘nulla
434 347 630 386 tuarum
667 336 837 386 audita
875 337 998 385 mihi
1033 354 1198 401 neque
1234 337 1338 386 visa
1374 354 1613 396 sororum,
1732 331 1736 334 ⁴

227 436 258 468 o
296 436 447 482 quam
485 428 533 467 te
570 435 861 479 memorem,
899 417 1074 482 virgo?
1111 435 1329 482 namque
1366 420 1500 467 haud
1536 417 1626 466 tibi
1661 419 1824 467 vultus

229 499 462 560 mortalis,
502 517 596 549 nec
632 517 728 549 vox
764 499 1021 549 hominem
1059 510 1238 560 sonat3
1285 517 1330 559 o,
1370 501 1466 548 dea
1501 509 1633 548 certe

229 582 313 646 (an
351 582 543 631 Phoebi
583 584 756 631 soror?
803 599 866 630 an
905 584 1251 645 Nympharum
1289 581 1541 645 sanguinis
1577 599 1677 630 una
1694 582 1750 645 P),

227 663 291 711 sis
329 663 443 712 felix
480 673 806 726 nostrumque
843 665 987 723 leves,
1028 680 1389 726 quaecumque,
1428 664 1650 712 laborem
1820 681 1904 720 330

227 755 274 793 et
313 762 413 808 quo
452 746 546 794 sub
583 747 722 794 caelo
759 748 978 806 tandem,
1019 745 1199 809 quibus
1238 745 1370 794 orbis
1406 745 1457 793 in
1494 745 1592 794 oris

227 828 466 877 iactemur
503 830 686 877 doceas
704 846 718 889 3
766 827 920 891 ignari
958 828 1321 891 hominumque
1358 830 1683 890 locorumque

228 927 445 958 erramus
482 918 633 958 vento
669 911 768 957 huc
804 909 953 957 vastis
990 918 1039 958 et
1075 909 1308 958 fluctibus
1343 908 1473 957 acti:

228 995 383 1041 multa
420 991 511 1040 tibi
546 1001 662 1040 ante
698 1008 805 1040 aras
843 1001 1011 1040 nostra
1047 993 1193 1041 cadet
1229 991 1391 1040 hostia
1426 992 1626 1040 dextra.'
1661 992 1664 994 ’

294 1077 428 1122 Tum
453 1076 626 1122 Venus
647 1093 656 1121 :
697 1077 709 1098 ‘
725 1072 861 1121 haud
886 1073 1120 1136 equidem
1147 1072 1231 1120 tali
1256 1089 1337 1120 me
1362 1071 1539 1135 dignor
1562 1073 1754 1121 honore
1770 1089 1785 1132 3
1821 1091 1899 1132 335

225 1157 494 1221 virginibus
531 1155 692 1219 Tyriis
730 1172 838 1204 mos
876 1166 949 1204 est
985 1165 1174 1219 gestare
1211 1156 1490 1218 pharetram
1878 1174 1881 1175 ⁷

225 1254 575 1302 purpureoque
611 1239 709 1285 alte
747 1253 882 1284 suras
918 1235 1103 1285 vincire
1140 1245 1362 1284 coturno.

226 1322 416 1371 Punica
451 1339 601 1385 regna
636 1321 790 1381 vides,
830 1320 1005 1384 Tyrios
1043 1329 1091 1369 et
1127 1319 1371 1383 Agenoris
1407 1320 1582 1368 urbem
1601 1337 1615 1380 3

223 1406 311 1453 sed
350 1406 474 1453 fines
512 1403 700 1466 Libyci,
739 1420 895 1466 genus
932 1402 1240 1451 intractabile
1277 1403 1422 1451 bello.

222 1485 487 1550 imperium
526 1485 662 1534 Dido
699 1484 848 1547 Tyria
884 1484 1005 1547 regit
1042 1485 1163 1533 urbe
1200 1486 1434 1547 profecta,
1820 1503 1901 1544 340

221 1584 514 1631 germanum
551 1566 756 1630 fugiens.
832 1568 980 1630 longa
1015 1575 1089 1614 est
1125 1565 1315 1628 iniuria,
1354 1567 1532 1629 longae

223 1649 458 1712 ambages
477 1667 491 1709 3
539 1651 627 1698 sed
665 1665 860 1697 summa
896 1664 1074 1710 sequar
1109 1646 1301 1711 fastigia
1336 1664 1511 1695 rerum.

224 1731 339 1779 huie
377 1730 595 1780 coniunx
632 1731 882 1793 Sychaeus
923 1738 1038 1789 erat,
1079 1729 1349 1778 ditissimus
1385 1728 1487 1792 agri

223 1812 549 1872 Phoenicum,
589 1822 638 1860 et
676 1829 856 1875 magno
894 1811 1102 1860 miserae
1138 1811 1347 1860 dilectus
1384 1827 1567 1871 amore,

223 1894 303 1943 cui
340 1903 479 1957 pater
514 1894 752 1942 intactam
791 1895 996 1942 dederat
1033 1892 1303 1956 primisque
1339 1892 1527 1956 iugarat
1821 1911 1897 1952 345

223 1975 488 2025 ominibus.
563 1976 653 2024 sed
689 1991 839 2038 regna
874 1974 992 2037 Tyri
1028 1991 1291 2038 germanus
1328 1974 1547 2022 habebat

223 2057 528 2122 Pygmalion,
570 2059 753 2105 scelere
789 2066 904 2105 ante
941 2056 1064 2105 alios
1092 2056 1365 2115 ¹immanior
1400 2055 1577 2105 omnis.

220 2161 346 2207 quos
385 2143 512 2191 inter
549 2142 743 2191 medius
780 2142 914 2190 venit
952 2145 1096 2191 furor.
1173 2141 1254 2191 ille
1291 2143 1570 2204 Sychaeum

219 2224 400 2288 impius
439 2233 554 2272 ante
589 2240 696 2271 aras
733 2231 883 2286 atque
920 2222 1026 2271 auri
1063 2240 1241 2271 caecus
1277 2239 1446 2271 amore

219 2309 347 2356 clam
384 2307 510 2354 ferro
547 2305 803 2353 incautum
843 2314 1053 2367 superat,
1096 2321 1296 2353 securus
1332 2321 1559 2353 amorum
1815 2322 1896 2362 350

217 2405 480 2453 germanae
497 2405 509 2448 3
559 2389 847 2449 factumque
888 2386 974 2435 diu
1015 2387 1190 2436 celavit
1224 2396 1275 2435 et
1310 2403 1507 2450 aegram

219 2473 374 2519 multa
410 2472 567 2518 malus
607 2468 844 2517 simulans
885 2486 1012 2517 vana
1049 2486 1136 2532 spe
1172 2468 1287 2517 lusit
1322 2477 1586 2517 amantem.

159 2593 162 2597 .
219 2552 325 2615 ipsa
361 2553 449 2600 sed
485 2551 536 2598 in
574 2551 762 2599 somnis
802 2551 1047 2599 inhumati
1083 2550 1218 2600 venit
1254 2550 1417 2614 imago

219 2632 442 2696 coniugis
491 2649 576 2681 ora
614 2632 775 2681 modis
815 2634 1045 2681 attollens
1083 2632 1266 2695 pallida
1302 2631 1466 2692 miris3

219 2713 430 2763 crudelis
467 2731 574 2762 aras
614 2713 915 2776 traiectaque
953 2723 1154 2777 pectora
1189 2715 1315 2761 ferro
1812 2731 1891 2771 355

219 2795 437 2856 nudavit,
482 2813 788 2859 caecumque
826 2797 1006 2844 domus
1045 2797 1205 2844 scelus
1243 2811 1394 2843 omne
1430 2793 1613 2843 retexit.

274 2920 466 2969 325-356
498 2918 630 2957 MPR
879 2930 958 2967 333
990 2923 1032 2956 et
1066 2917 1196 2956 vastis
1232 2915 1344 2955 M¹R
1532 2928 1614 2964 340
1645 2915 1756 2964 gerit
1788 2914 1893 2954 Gent

219 2986 299 3023 343
331 2973 444 3025 agri]
469 2973 562 3012 auri
582 2972 701 3010 Huet
718 2971 887 3010 Ribbeck
1064 2972 1145 3021 348
1175 2971 1338 3010 medios
1358 2970 1439 3009 Mc¹
1459 2969 1511 3009 D.
1538 2969 1652 3008 Serv.
1810 2981 1889 3019 354

220 3029 473 3080 interpunxit
488 3028 533 3066 K
534 3027 666 3066 loueek
