2020 3372
439 770 507 834 Ρ.
573 767 973 832 VERGILI
1041 767 1493 833 MARONIS

610 933 848 1007 GEO
866 933 1023 1007 RG
1042 933 1073 1004 I
1092 933 1242 1007 CO
1260 932 1334 1005 N

827 1116 1044 1163 LIBER
1083 1116 1107 1162 I

205 1268 348 1328 QVID
385 1264 532 1314 faciat
569 1266 719 1314 laetas
757 1274 961 1328 segetes,
1001 1282 1102 1328 quo
1139 1265 1299 1315 sidere
1335 1274 1514 1314 terram

133 1357 333 1406 vertere,
373 1349 656 1407 Maecenas,
696 1345 944 1408 ulmisque
980 1346 1248 1409 adiungere
1284 1346 1395 1394 vitis

135 1427 412 1488 conveniat,
452 1444 580 1491 quae
617 1443 735 1475 cura
770 1427 940 1486 boum,
981 1426 1066 1490 qui
1103 1429 1265 1475 cultus
1301 1427 1539 1476 habendo

136 1510 197 1558 sit
232 1508 415 1572 pecori,
454 1508 631 1572 apibus
669 1518 855 1571 quanta
890 1507 1191 1572 experientia
1226 1507 1399 1571 parcis,

134 1591 252 1639 hinc
288 1608 464 1639 canere
501 1590 750 1653 incipiam.
790 1607 892 1650 vos,
932 1607 963 1639 o
1000 1590 1269 1639 clarissima
1305 1589 1481 1639 mundi
1786 1610 1808 1650 5

137 1671 339 1731 lumina,
378 1672 629 1720 labentem
667 1673 806 1720 caelo
843 1688 971 1734 quae
1007 1671 1187 1721 ducitis
1222 1688 1425 1730 annum,

141 1753 290 1802 Liber
326 1762 374 1802 et
409 1755 540 1802 alma
577 1754 742 1813 Ceres,
775 1762 937 1802 vestro
974 1753 1015 1802 si
1051 1770 1256 1802 munere
1292 1754 1436 1802 tellus

138 1835 417 1886 Chaoniam
453 1835 624 1899 pingui
659 1837 893 1898 glandem
931 1835 1137 1885 mutavit
1172 1835 1332 1896 arista,

138 1918 418 1980 poculaque
455 1916 666 1965 inventis
704 1917 947 1966 Acheloia
983 1916 1179 1966 miscuit
1215 1916 1336 1976 uvis,

138 2008 187 2047 et
223 2015 325 2058 vos,
363 2007 610 2061 agrestum
647 1999 926 2061 praesentia
961 1998 1180 2058 numina,
1220 1997 1392 2058 Fauni,
1764 2016 1812 2044 10

140 2079 281 2145 (ferte
318 2079 464 2128 simul
503 2080 760 2143 Faunique
796 2082 980 2142 pedem
1018 2082 1343 2142 Dryadesque
1378 2077 1666 2142 puellae)—

139 2178 345 2209 munera
379 2169 539 2209 vestra
576 2178 715 2209 cano.
758 2170 913 2223 tuque
949 2178 994 2220 o,
1034 2161 1114 2209 cui
1149 2160 1307 2223 prima
1342 2162 1635 2208 frementem

139 2241 266 2290 fudit
302 2258 487 2305 equum
525 2258 706 2305 magno
746 2244 889 2290 tellus
925 2258 1158 2305 percussa
1193 2241 1407 2301 tridenti,

142 2324 399 2385 Neptune3
438 2333 485 2372 et
523 2325 682 2372 cultor
719 2340 995 2383 nemorum,
1034 2323 1115 2371 cui
1150 2323 1353 2386 pinguia
1388 2324 1521 2373 Ceae
1576 2340 1596 2363 ν

141 2412 214 2451 ter
249 2413 450 2452 centum
487 2404 618 2453 nivei
655 2406 866 2454 tondent
903 2407 1108 2454 dumeta
1144 2404 1340 2453 iuvenci
1348 2423 1362 2465 ‚·
1765 2423 1811 2463 15

142 2484 248 2547 ipse
283 2502 459 2534 nemus
496 2485 726 2549 linquens
762 2486 976 2549 patrium
1013 2488 1265 2549 saltusque
1303 2484 1482 2548 Lycaei

143 2567 263 2625 Pan,
303 2566 471 2614 ovium
509 2576 690 2626 custos,
730 2576 816 2615 tua
851 2567 892 2616 si
928 2567 1019 2615 tibi
1058 2569 1291 2616 Maenala
1326 2583 1485 2625 curae,

143 2646 289 2706 adsis,
328 2664 359 2696 0
395 2650 635 2711 Tegeaee,
674 2650 856 2709 favens,
896 2651 1135 2712 oleaeque
1174 2649 1400 2701 Minerva

144 2727 399 2788 inventrix,
439 2730 656 2793 uncique
691 2747 815 2793 puer
851 2739 1149 2779 monstrator
1184 2730 1341 2790 aratri,

145 2818 194 2857 et
230 2818 449 2858 teneram
484 2810 548 2859 ab
584 2810 749 2860 radice
784 2813 959 2871 ferens,
998 2811 1208 2870 Silvane,
1246 2827 1534 2874 cupressum
1543 2827 1558 2870 3
1758 2829 1817 2856 20

147 2888 298 2952 dique
334 2891 558 2954 deaeque
594 2908 783 2951 omnes,
824 2891 1044 2941 studium
1082 2891 1262 2956 quibus
1298 2909 1412 2940 arva
1447 2890 1585 2950 tueri,

206 3031 306 3057 1-.21
328 3018 459 3058 MPR
586 3033 609 3070 7
640 3020 811 3059 numine
829 3019 876 3058 M
882 3020 897 3043 ²
1039 3033 1088 3071 13
1118 3020 1254 3060 fundit
1270 3020 1536 3071 Pblfortasse
1556 3023 1651 3059 recte
1668 3018 1715 3070 cf.
1731 3017 1815 3060 Ed.

147 3072 234 3115 viii.
258 3084 310 3122 45
339 3073 447 3114 Aen.
471 3074 526 3113 ix.
550 3076 630 3114 266
1789 3074 1794 3100 ²
