2014 3372
132 196 133 199 =
206 166 258 226 Ρ.
300 178 601 226 VERGILI
642 176 971 226 MARONIS

203 317 423 366 constitit
459 316 682 366 Anchisa
720 324 854 366 satus
892 325 941 366 et
977 314 1182 380 vestigia
1218 313 1394 380 pressit

203 401 359 447 multa
394 407 574 462 putans
612 407 897 461 sortemque
933 396 1102 446 animo
1139 396 1400 445 miseratus
1437 394 1676 459 iniquam.v

204 479 358 528 cernit
394 479 464 528 ibi
501 487 718 527 maestos
756 487 805 527 et
841 477 1012 527 mortis
1049 480 1239 527 honore
1275 476 1485 526 carentis

204 560 502 624 Leucaspim
540 570 588 609 et
626 560 809 623 Lyciae
845 562 1105 610 ductorem
1142 559 1311 608 classis
1349 560 1588 619 Oronten,

204 660 330 707 quos
368 642 514 691 simul
555 660 585 691 a
621 642 773 691 Troia
808 651 1015 691 ventosa
1050 658 1137 705 per
1172 657 1389 705 aequora
1423 649 1592 688 vectos
1802 658 1884 702 335

205 725 369 774 obruit
405 728 602 785 Auster,
641 742 772 788 aqua
807 724 1065 774 involvens
1102 739 1382 786 navemque
1416 721 1659 786 virosque.

275 809 408 856 Ecce
444 808 745 870 gubernator
781 824 888 856 sese
926 805 1185 855 Palinurus
1221 805 1414 869 agebat,

207 888 293 952 qui
330 888 522 952 Libyco
558 906 718 953 nuper
753 906 913 949 cursu,
953 890 1074 938 dum
1112 888 1273 937 sidera
1309 896 1481 947 servat,

205 970 453 1019 exciderat
488 970 645 1035 puppi
682 971 860 1020 mediis
898 973 1081 1020 effusus
1117 969 1169 1018 in
1205 969 1366 1018 undis.

205 1054 339 1101 hunc
376 1052 463 1101 ubi
498 1052 578 1100 vix
615 1055 771 1101 multa
807 1062 1053 1101 maestum
1091 1050 1323 1115 cognovit
1359 1050 1410 1099 in
1448 1050 1639 1110 umbra,
1807 1068 1901 1111 340-

206 1133 276 1182 sic
312 1133 445 1198 prior
480 1133 798 1198 adloquitur:
851 1134 991 1198 ‘quis
1029 1143 1091 1193 te,
1130 1132 1373 1192 Palinure,
1409 1133 1619 1181 deorum

205 1215 383 1279 eripuit
420 1215 566 1265 nobis
604 1216 874 1279 medioque
912 1217 1005 1264 sub
1041 1232 1258 1278 aequore
1294 1213 1502 1262 mersit?

206 1299 287 1348 dic
323 1316 425 1363 age.
501 1316 719 1363 namque
757 1299 893 1359 mihi,
929 1301 1075 1348 fallax
1110 1300 1246 1348 haud
1281 1307 1397 1347 ante
1432 1306 1667 1360 repertus,

206 1382 304 1430 hoc
341 1398 443 1430 uno
480 1398 721 1444 responso
756 1380 981 1429 animum
1019 1379 1200 1430 delusit
1236 1381 1435 1442 Apollo,

206 1462 292 1526 qui
327 1464 431 1512 fore
468 1472 516 1512 te
554 1472 712 1526 ponto
748 1462 1053 1511 incolumem
1091 1461 1304 1524 finisque
1340 1460 1551 1510 canebat
1805 1478 1898 1521 345*

205 1551 469 1591 venturum
502 1541 768 1591 Ausonios.
844 1559 907 1590 en
944 1543 1068 1590 haec
1104 1540 1348 1604 promissa
1383 1541 1508 1588 fides
1545 1541 1682 1588 est?'

205 1623 287 1672 ille
323 1633 519 1672 autem:
567 1627 758 1687 ‘neque
795 1632 843 1672 te
881 1622 1074 1672 Phoebi
1111 1621 1300 1671 cortina
1336 1621 1520 1680 fefellit,

206 1707 307 1754 dux
341 1704 663 1766 Anchisiade,
703 1722 797 1753 nec
834 1722 914 1754 me
950 1706 1074 1754 deus
1111 1720 1327 1767 aequore
1363 1702 1543 1751 mersit.

206 1804 424 1851 namque
459 1788 817 1850 gubernaclum
854 1789 1010 1835 multa
1045 1786 1093 1834 vi
1129 1788 1253 1835 forte
1290 1787 1553 1844 revulsum,

206 1869 286 1918 cui
323 1871 467 1918 datus
505 1869 773 1917 haerebam
810 1878 977 1917 custos
1015 1884 1287 1930 cursusque
1325 1867 1571 1930 regebam,
1806 1885 1887 1926 350

206 1951 536 2015 praecipitans
573 1950 695 1999 traxi
732 1967 943 1999 mecum.
1019 1950 1171 1998 maria
1207 1966 1380 2012 aspera
1417 1949 1525 1997 iuro

206 2050 309 2082 non
346 2034 503 2081 ullum
540 2049 630 2095 pro
667 2050 748 2081 me
785 2041 978 2080 tantum
1016 2031 1206 2094 cepisse
1243 2031 1487 2090 timorem,

207 2131 358 2177 quam
395 2123 480 2163 tua
516 2131 579 2163 ne
616 2114 825 2178 spoliata
859 2113 1022 2173 armis,
1062 2130 1267 2162 excussa
1304 2112 1549 2176 magistro,

207 2197 439 2244 deficeret
477 2195 624 2244 tantis
662 2195 799 2243 navis
837 2194 1149 2258 surgentibus
1188 2194 1348 2243 undis.

206 2276 290 2325 tris
328 2278 492 2325 Notus
529 2276 761 2324 hibernas
797 2275 1042 2324 immensa
1080 2293 1166 2339 per
1203 2292 1420 2339 aequora
1456 2283 1629 2324 noctes
1805 2291 1883 2334 355

205 2357 335 2407 vexit
372 2375 452 2406 me
490 2357 734 2406 violentus
771 2374 902 2421 aqua
919 2376 932 2418 ,-
980 2357 1059 2405 vix
1095 2357 1283 2406 lumine
1320 2366 1495 2420 quarto

205 2439 434 2503 prospexi
473 2439 668 2488 Italiam
705 2457 901 2488 summa
937 2439 1161 2489 sublimis
1198 2440 1263 2488 ab
1299 2441 1447 2488 unda.

206 2521 442 2584 paulatim
479 2522 730 2570 adnabam
767 2531 954 2580 terrae;
1001 2522 1100 2570 iam
1137 2531 1243 2570 tuta
1278 2522 1524 2580 tenebam,

205 2602 257 2651 ni
292 2620 413 2666 gens
451 2603 662 2652 crudelis
700 2603 902 2652 madida
940 2621 1055 2652 cum
1091 2613 1227 2652 veste
1263 2612 1515 2667 gravatum

205 2694 623 2748 prensantemque
659 2685 800 2734 uncis
840 2686 1070 2734 manibus
1108 2685 1271 2749 capita
1305 2701 1477 2748 aspera
1514 2681 1697 2732 montis
1803 2689 1888 2742 360

205 2768 332 2815 ferro
369 2766 626 2816 invasisset
662 2769 1000 2831 praedamque
1037 2767 1204 2830 ignara
1240 2775 1472 2830 putasset.

261 2898 449 2946 331-361
474 2897 606 2936 MPR
884 2910 965 2947 332
995 2897 1123 2936 animi
1145 2896 1211 2934 M¹
1471 2897 1553 2947 336
1581 2895 1802 2943 virumque
1822 2892 1880 2931 Pl

207 2963 288 3000 349
317 2952 358 2989 vi
391 2952 524 3003 forte]
557 2953 630 2991 vix
665 2958 758 2991 arte
787 2951 830 2990 P
1003 2964 1085 3001 350
1113 2952 1313 3000 gerebam
1346 2950 1431 3001 ΡὙ1
1596 2960 1674 2998 351
1707 2946 1882 2998 aspera]

206 3006 349 3044 omnia
380 3005 586 3045 deteriores
607 3008 737 3057 pauci
761 3007 957 3045 Donatus
1274 3017 1354 3054 352
1385 3005 1500 3042 illum
1530 3002 1623 3043 Ml:
1666 3002 1826 3042 nullum
1852 3015 1884 3051 ’γ

208 3070 288 3108 353
319 3059 363 3098 ni
383 3059 527 3100 schem.
550 3061 622 3100 lex.
642 3061 813 3100 Ribbeck
923 3061 1004 3109 358
1030 3063 1124 3112 post
1141 3060 1350 3098 adnabam
1371 3058 1636 3109 distinguunt
1655 3057 1772 3097 Serv.
1793 3056 1868 3096 alii
