2014 3372
1359 168 1720 219 AENEIDOS
1759 169 1835 216 IX

175 328 181 331 ’
236 310 432 359 Interea
466 308 696 372 pavidam
731 308 941 358 volitans
978 317 1195 372 pennata
1230 325 1318 372 per
1352 309 1527 357 urbem

165 392 340 439 nuntia
376 393 529 439 Fama
564 390 659 439 ruit
694 390 962 453 matrisque
997 390 1245 439 adlabitur
1279 390 1409 438 auris

167 472 376 535 Euryali.
450 482 500 520 at
535 472 725 521 subitus
762 472 968 522 miserae
1004 475 1137 521 calor
1172 489 1285 521 ossa
1319 471 1528 535 reliquit,
1752 486 1831 531 475

166 553 356 602 excussi
393 553 621 602 manibus
658 552 781 602 radii
815 555 1136 616 revolutaque
1171 569 1338 616 pensa.

166 637 326 684 evolat
362 634 528 683 infelix
564 644 612 683 et
647 634 863 684 femineo
899 637 1091 683 ululatu

165 717 316 766 scissa
351 734 547 765 comam
584 734 751 766 muros
788 734 959 766 amens
995 726 1146 779 atque
1181 715 1379 780 agmina
1415 732 1561 765 cursu

154 797 321 860 ,prima
357 798 491 860 petit,
531 814 632 846 non
668 797 751 846 illa
785 797 957 857 virum,
996 814 1099 846 non
1135 797 1218 846 illa
1252 797 1422 860 pericli

164 880 474 941 telorumque
510 895 713 938 memor,
754 880 946 927 caelum
983 878 1165 927 dehinc
1202 878 1458 941 questibus
1496 878 1700 940 implet:
1748 887 1834 939 480

168 961 329 1009 ‘hunc
365 976 456 1023 ego
493 969 554 1020 te,
595 962 820 1023 Euryale,
863 959 1090 1022 aspicio?
1136 968 1256 1008 tune
1292 960 1373 1008 ille
1410 968 1638 1008 senectae

165 1057 271 1090 sera
306 1058 446 1090 meae
482 1041 688 1105 requies,
727 1040 932 1104 potuisti
967 1041 1189 1104 linquere
1226 1043 1396 1101 solam,

164 1121 412 1170 crudelis?
458 1139 551 1171 nec
586 1131 635 1171 te
672 1123 764 1170 sub
801 1131 938 1170 tanta
973 1121 1190 1184 pericula
1225 1121 1431 1170 missum

163 1203 318 1253 adfari
354 1213 625 1253 extremum
662 1203 868 1252 miserae
904 1204 1019 1251 data
1055 1202 1200 1265 copia
1235 1201 1414 1250 matri?

163 1286 276 1344 heu,
308 1293 433 1334 terra
468 1284 636 1348 ignota
671 1283 877 1332 canibus
913 1285 1029 1332 data
1065 1285 1248 1346 praeda
1288 1282 1475 1331 Latinis
1751 1294 1830 1345 485

163 1366 461 1429 alitibusque
497 1366 657 1415 iaces!
705 1382 798 1414 nec
834 1374 896 1424 te,
936 1374 1020 1413 tua
1055 1367 1240 1424 funera,
1279 1374 1435 1413 mater

162 1447 373 1510 produxi
407 1447 621 1511 pressive
657 1448 828 1496 oculos
865 1455 949 1494 aut
984 1447 1186 1494 vulnera
1221 1444 1330 1504 lavi,

163 1537 297 1577 veste
333 1537 502 1592 tegens
539 1527 629 1577 tibi
665 1544 815 1590 quam
851 1536 1023 1576 noctes
1060 1525 1238 1575 festina
1273 1525 1480 1589 diesque

162 1610 410 1672 urgebam,
451 1618 499 1658 et
535 1611 632 1658 tela
668 1625 808 1657 curas
845 1609 1038 1657 solabar
1073 1607 1228 1656 anilis.

163 1707 263 1753 quo
300 1693 512 1754 sequar?
552 1700 637 1739 aut
673 1707 800 1753 quae
838 1706 971 1738 nunc
1007 1698 1139 1738 artus
1175 1691 1443 1753 avulsaque
1479 1690 1703 1740 membra
1750 1712 1831 1752 490

162 1782 210 1821 et
246 1775 392 1821 funus
428 1775 645 1822 lacerum
681 1774 824 1821 tellus
860 1772 1048 1820 habet?
1089 1773 1186 1820 hoc
1222 1771 1344 1819 mihi
1381 1773 1444 1820 de
1480 1781 1542 1831 te,

162 1864 289 1914 nate,
328 1856 512 1903 refers?
558 1855 655 1903 hoc
692 1871 801 1902 sum
837 1862 1061 1915 terraque
1098 1851 1320 1914 marique
1356 1855 1560 1901 secuta?

161 1937 293 1999 figite
330 1954 424 1995 me,
463 1935 503 1985 si
540 1952 638 1998 qua
673 1945 746 1984 est
781 1935 952 1998 pietas,
990 1934 1041 1982 in
1078 1951 1159 1983 me
1195 1934 1363 1983 omnia
1398 1937 1497 1983 tela

162 2018 387 2077 conicite,
426 2034 457 2066 o
494 2016 682 2075 Rutuli,
721 2033 801 2064 me
837 2015 1047 2078 primam
1082 2015 1328 2064 absumite
1363 2017 1526 2076 ferro,

160 2108 246 2147 aut
281 2108 347 2158 tu,
388 2115 564 2162 magne
600 2107 738 2161 pater
773 2097 958 2156 divum,
994 2097 1237 2156 miserere,
1273 2106 1460 2159 tuoque
1747 2118 1825 2159 495

160 2179 373 2229 invisum
409 2182 506 2229 hoc
542 2181 751 2229 detrude
787 2188 936 2242 caput
971 2179 1064 2227 sub
1100 2181 1303 2226 Tartara
1338 2181 1452 2237 telo,

161 2263 363 2324 quando
399 2262 537 2310 aliter
572 2277 769 2324 nequeo
806 2261 1058 2309 crudelem
1093 2259 1386 2321 abrumpere
1422 2258 1603 2307 vitam.'

160 2343 258 2390 hoc
294 2344 411 2391 fletu
448 2341 677 2391 concussi
712 2340 878 2399 animi,
918 2348 1234 2402 maestusque
1270 2356 1356 2401 per
1392 2339 1553 2388 omnis

160 2422 197 2470 it
232 2423 457 2485 gemitus,
496 2432 693 2485 torpent
729 2422 963 2470 infractae
998 2423 1063 2470 ad
1099 2420 1285 2484 proelia
1319 2420 1457 2469 vires.

160 2503 294 2551 illam
331 2503 681 2552 incendentem
718 2504 878 2550 luctus
917 2503 1098 2550 Idaeus
1136 2510 1183 2549 et
1219 2503 1374 2549 Actor
1745 2521 1827 2561 500

161 2584 340 2633 Ilionei
376 2584 568 2633 monitu
605 2593 653 2632 et
689 2585 899 2631 multum
936 2581 1234 2631 lacrimantis
1272 2581 1369 2630 Iuli

159 2665 428 2728 corripiunt
465 2665 689 2727 interque
725 2680 900 2712 manus
938 2664 1031 2712 sub
1066 2672 1197 2712 tecta
1231 2672 1489 2726 reponunt.

227 2749 293 2794 At
329 2746 449 2793 tuba
485 2744 750 2793 terribilem
787 2744 1003 2792 sonitum
1039 2746 1211 2807 procul
1247 2760 1358 2791 aere
1394 2760 1577 2791 canoro

159 2826 415 2889 increpuit,
455 2825 675 2888 sequitur
711 2827 897 2873 clamor
932 2827 1225 2886 caelumque
1261 2822 1481 2887 remugit.

214 2964 402 3005 4'73—504
425 2954 556 2995 MPR
778 2956 857 3004 484
888 2953 1092 2993 extremis
1113 2952 1221 2990 MPl
1389 2955 1468 3002 485
1498 2951 1597 2991 date
1618 2951 1827 2991 deteriores·

160 3010 331 3060 quidam
352 3011 516 3059 Bentley
682 3010 762 3058 486
792 3010 942 3047 funere
964 3007 1147 3046 Bembus
