2014 3372
203 145 256 193 P.
296 145 595 193 VERGILI
635 144 962 202 MARONIS

204 284 515 350 protrahitur.
591 292 848 347 nequeunt
884 282 1069 347 expleri
1104 284 1257 332 corda
1292 284 1483 331 tuendo

205 367 433 417 terribilis
470 369 656 426 oculos,
695 367 889 414 vultum
924 365 1199 428 villosaque
1236 365 1383 414 saetis

200 458 404 512 pectora
439 447 653 497 semiferi
689 456 840 510 atque
877 446 1145 495 exstinctos
1182 446 1409 495 faucibus
1446 445 1585 509 ignis.
1638 491 1640 493 .
1722 477 1724 480 v

201 548 262 580 ex
297 530 382 579 illo
419 531 694 579 celebratus
731 530 893 578 honos
930 528 1147 592 laetique
1183 527 1401 577 minores

201 629 456 662 servavere
492 611 640 671 diem,
680 610 970 673 primusque
1007 609 1217 658 Potitius
1253 619 1427 658 auctor

204 703 253 744 et
289 695 470 743 domus
509 692 749 742 Herculei
785 701 954 741 custos
992 691 1189 745 Pinaria
1223 691 1361 741 sacri.

203 778 335 825 hanc
370 792 507 824 aram
542 776 657 823 luco
694 773 878 833 statuit,
918 789 1047 836 quae
1084 772 1299 822 maxima
1333 791 1530 837 semper

199 857 394 906 dicetur
429 855 574 905 nobis
611 864 661 904 et
697 855 787 904 erit
824 872 953 918 quae
990 854 1205 903 maxima
1240 872 1448 918 semper.

199 955 352 1002 quare
387 937 529 1001 agite,
571 954 603 986 o
638 936 857 996 iuvenes,
897 945 1146 985 tantarum
1182 935 1235 984 in
1271 953 1476 986 munere
1512 938 1720 986 laudum

199 1019 382 1083 cingite
418 1020 595 1068 fronde
632 1034 801 1067 comas
839 1026 888 1066 et
923 1019 1106 1080 pocula
1140 1017 1331 1081 porgite
1367 1018 1563 1078 dextris,

197 1117 622 1164 communemque
658 1109 834 1149 vocate
870 1101 1022 1149 deum
1059 1108 1108 1148 et
1143 1101 1259 1148 date
1295 1099 1409 1149 vina
1443 1102 1697 1150 volentes.'

198 1183 402 1243 dixerat,
443 1183 697 1231 Herculea
733 1181 925 1230 bicolor
962 1198 1078 1229 cum
1114 1183 1329 1245 populus
1366 1183 1544 1230 umbra

197 1263 479 1327 velavitque
516 1280 686 1312 comas
722 1262 954 1325 foliisque
989 1261 1171 1311 innexa
1206 1262 1460 1327 pependit,

200 1355 250 1395 et
287 1362 425 1396 sacer
460 1344 685 1408 implevit
721 1346 945 1393 dextram
983 1345 1211 1407 scyphus.
1287 1344 1426 1393 ocius
1462 1361 1639 1395 omnes

198 1428 251 1477 in
289 1445 514 1478 mensam
550 1426 667 1476 laeti
702 1427 860 1475 libant
897 1426 1140 1490 divosque
1174 1436 1450 1489 precantur.

271 1514 476 1560 Devexo
509 1509 701 1558 interea
735 1509 938 1573 propior
974 1511 1028 1558 fit
1063 1512 1256 1574 Vesper
1293 1512 1524 1575 Olympo.

199 1592 401 1655 iamque
439 1585 723 1640 sacerdotes
760 1591 1050 1655 primusque
1088 1591 1300 1640 Potitius
1337 1592 1477 1640 ibant
1523 1625 1526 1628 -

198 1675 413 1739 pellibus
450 1674 502 1723 in
540 1691 732 1723 morem
768 1673 933 1734 cincti,
973 1676 1301 1737 flammasque
1337 1675 1574 1724 ferebant.

199 1757 475 1807 instaurant
512 1758 683 1820 epulas
721 1765 770 1805 et
806 1773 1011 1806 mensae
1046 1765 1182 1819 grata
1218 1758 1470 1806 secundae

199 1841 336 1889 dona
373 1840 536 1887 ferunt
573 1840 933 1900 cumulantque
970 1837 1184 1886 oneratis
1221 1837 1447 1887 lancibus
1483 1856 1604 1889 aras.

200 1931 309 1970 tum
347 1920 464 1970 Salii
499 1921 564 1968 ad
602 1928 776 1968 cantus
813 1919 1018 1968 incensa
1053 1919 1224 1967 altaria
1260 1919 1447 1968 circum

201 2002 430 2067 populeis
466 2003 649 2050 adsunt
685 2000 867 2050 evincti
904 2011 1130 2064 tempora
1165 2001 1327 2060 ramis,

199 2084 283 2134 hic
319 2084 556 2133 iuvenum
594 2085 788 2143 chorus,
828 2083 910 2131 ille
947 2100 1136 2142 senum,
1178 2082 1264 2146 qui
1301 2083 1518 2133 carmine
1554 2086 1726 2135 laudes

204 2168 480 2215 Herculeas
517 2174 566 2214 et
602 2167 731 2214 facta
767 2167 959 2214 ferunt:
1010 2174 1064 2213 ut
1102 2164 1260 2228 prima
1296 2182 1539 2215 novercae

204 2256 426 2296 monstra
462 2264 614 2295 manu
650 2246 978 2309 geminosque
1017 2264 1247 2310 premens
1285 2246 1466 2296 eliserit
1501 2249 1690 2312 anguis,

203 2339 257 2378 ut
292 2330 426 2378 bello
463 2328 680 2392 egregias
718 2328 854 2377 idem
894 2328 1141 2378 disiecerit
1179 2330 1340 2389 urbes,

203 2412 507 2473 Troiamque
545 2410 951 2474 Oechaliamque,
993 2421 1047 2460 ut
1084 2414 1235 2461 duros
1273 2412 1407 2462 mille
1443 2414 1636 2464 labores

203 2508 316 2554 rege
352 2492 447 2539 sub
484 2494 762 2555 Eurystheo
799 2493 910 2543 fatis
951 2495 1160 2544 Iunonis
1197 2495 1397 2559 iniquae

204 2573 468 2636 pertulerit.
549 2577 631 2622 ‘tu
670 2576 960 2640 nubigenas,
1002 2577 1197 2637 invicte,
1240 2578 1543 2639 bimembris,

207 2656 561 2718 Hylaeumque
598 2658 930 2721 Pholumque,
972 2677 1138 2719 manu,
1178 2669 1232 2708 tu
1271 2660 1442 2710 Cresia
1478 2670 1664 2710 mactas

205 2737 429 2801 prodigia
466 2748 514 2788 et
549 2749 744 2789 vastum
783 2743 1006 2790 Nemeae
1043 2743 1137 2791 sub
1174 2761 1294 2807 rupe
1332 2746 1543 2793 leonem.

1719 263 1723 265 ι
1805 290 1885 345 265

1807 1523 1886 1563 280

1807 1933 1883 1984 285

1775 2377 1779 2380 .
1807 2353 1895 2394 29o=

1807 2764 1882 2805 295

262 2869 451 2918 265-295
473 2868 606 2908 MPR
827 2885 906 2922 277
930 2870 1109 2922 innexa]
1131 2873 1308 2913 inmissa
1336 2874 1499 2914 Probus
1609 2889 1686 2925 291
1720 2875 1884 2916 Oecha-

207 2922 307 2961 liam
346 2924 503 2963 edutos
544 2923 609 2962 llll
855 2938 935 2977 295
971 2927 1160 2967 Nemeae
1199 2927 1256 2966 Pl
1296 2928 1445 2969 Sem:
1495 2930 1658 2970 Nemea
1697 2930 1883 2982 P³R7112

208 2978 397 3017 Nemaea
417 2977 472 3016 M
