2014 3372
1333 177 1694 234 AENEIDOS
1730 177 1836 224 VII

169 318 270 382 pila
304 335 456 368 manu
491 328 764 381 saevosque
797 327 974 382 gerunt
1008 317 1059 366 in
1095 318 1226 366 bella
1260 318 1484 377 dolones,

170 409 219 447 et
254 399 395 449 tereti
428 409 651 463 pugnant
686 415 924 448 mucrone
959 415 1178 462 veruque
1216 399 1427 448 Sabello.
1758 404 1837 457 665

156 480 275 544 ipse
310 482 477 544 pedes,
515 480 731 544 tegimen
766 489 1001 543 torquens
1038 479 1256 528 immane
1291 479 1462 539 leonis,

170 560 371 610 terribili
406 561 658 624 impexum
694 570 829 609 saeta
863 578 979 609 cum
1015 561 1249 610 dentibus
1285 560 1410 609 albis

169 643 371 692 indutus
409 643 570 706 capiti,
609 642 680 692 sic
715 643 847 706 regia
883 652 1012 692 tecta
1048 642 1259 702 subibat,

169 724 395 774 horridus
434 727 788 788 Herculeoque
823 742 1020 774 umeros
1056 724 1264 774 innexus
1298 724 1497 773 amictu.

157 859 161 861 Ἴ
237 808 369 854 Tum
404 805 589 868 gemini
623 808 793 854 fratres
830 806 1057 855 Tiburtia
1091 806 1290 855 moenia
1325 806 1571 870 linquunt,
1759 814 1840 867 670

168 887 324 935 fratris
361 886 557 935 Tiburti
592 887 778 936 dictam
815 888 1114 951 cognomine
1149 898 1362 952 gentem,

170 969 477 1032 Catillusque
511 985 723 1032 acerque
760 971 930 1029 Coras,
970 970 1151 1033 Argiva
1186 969 1429 1029 iuventus,

169 1060 217 1099 et
252 1051 461 1114 primam
497 1060 612 1100 ante
649 1051 808 1100 aciem
845 1053 1002 1101 densa
1037 1052 1163 1101 inter
1199 1054 1297 1100 tela
1332 1053 1585 1100 feruntur:

169 1149 261 1180 ceu
297 1134 399 1181 duo
435 1132 715 1196 nubigenae
751 1150 866 1181 cum
902 1132 1084 1182 vertice
1120 1132 1304 1182 montis
1339 1133 1404 1181 ab
1440 1134 1542 1180 alto

168 1215 481 1263 descendunt
517 1214 754 1264 Centauri
791 1216 1051 1263 Homolen
1088 1216 1399 1277 Othrquue
1435 1213 1648 1262 nivalem
1754 1220 1837 1273 675

168 1295 448 1359 linquentes
485 1312 629 1344 cursu
666 1295 874 1359 rapid03
922 1298 1008 1345 dat
1044 1295 1276 1345 euntibus
1311 1295 1485 1358 ingens

169 1377 289 1426 silva
324 1380 490 1426 locum
528 1387 577 1426 et
612 1395 794 1441 magno
830 1379 1017 1426 cedunt
1052 1377 1258 1441 virgulta
1294 1379 1495 1440 fragore.

236 1461 347 1508 Nec
382 1459 731 1508 Praenestinae
767 1460 1000 1508 fundator
1035 1459 1192 1508 defuit
1228 1458 1376 1518 urbis,

167 1530 393 1591 Volcano
427 1541 648 1605 genitum
684 1558 864 1605 pecora
898 1541 1025 1590 inter
1059 1540 1266 1604 agrestia
1300 1557 1466 1603 regem

167 1623 526 1686 inventumque
562 1624 686 1671 focis
724 1622 887 1671 omnis
924 1639 1073 1685 quem
1110 1621 1320 1670 credidit
1354 1631 1502 1681 aetas,
1758 1628 1839 1668 680

168 1706 425 1755 Caeculus.
501 1705 636 1752 hunc
672 1702 801 1765 legio
837 1705 934 1752 late
971 1702 1234 1751 comitatur
1267 1701 1498 1766 agrestis:

167 1785 352 1848 quique
388 1787 543 1833 altum
581 1787 845 1832 Praeneste
881 1783 969 1831 viri
1005 1783 1190 1846 quique
1225 1800 1339 1831 arva
1376 1782 1602 1832 Gabinae

167 1866 375 1916 Iunonis
411 1866 731 1930 gelidumque
766 1865 1014 1914 Anienem
1050 1874 1099 1914 et
1134 1864 1330 1914 roscida
1363 1864 1476 1914 rivis

169 1947 391 1997 Hernica
427 1965 542 1996 saxa
580 1949 764 2006 colunt,
804 1963 930 2010 quos
966 1945 1103 1995 dives
1139 1945 1369 2009 Anagnia
1403 1945 1573 2009 pascit,

167 2045 304 2091 quos,
345 2032 595 2078 Amasene
631 2038 781 2091 pater.
855 2044 958 2075 non
994 2026 1087 2075 illis
1123 2026 1357 2075 omnibus
1392 2044 1529 2075 arma
1756 2036 1835 2089 685

166 2127 259 2158 nec
295 2110 440 2173 clipei
476 2126 706 2159 currusve
742 2118 954 2169 sonant3
1001 2124 1112 2170 pars
1149 2107 1363 2156 maxima
1395 2110 1600 2171 glandes

166 2190 358 2254 liventis
395 2191 587 2255 plumbi
624 2190 818 2254 spargit,
858 2206 969 2252 pars
1006 2189 1194 2253 spicula
1228 2198 1386 2252 gestat

166 2271 284 2320 bina
319 2290 484 2332 manu,
523 2274 784 2335 fulvosque
822 2270 927 2333 lupi
963 2272 1026 2319 de
1062 2272 1190 2333 pelle
1223 2272 1413 2333 galeros

166 2363 363 2417 tegmen
399 2355 586 2403 habent
622 2354 769 2417 capiti
791 2373 805 2414 3
850 2352 1054 2416 vestigia
1089 2353 1225 2401 nuda
1261 2351 1442 2400 sinistri

166 2434 419 2482 instituere
454 2434 608 2497 pedis,
649 2436 830 2483 crudus
869 2434 988 2496 tegit
1023 2435 1175 2482 altera
1209 2449 1342 2495 pero.
1754 2443 1838 2496 690

234 2518 301 2563 At
338 2518 614 2579 Messapus,
653 2533 838 2579 equum
877 2515 1106 2574 domitor,
1148 2514 1402 2577 Neptunia
1436 2517 1611 2577 proles,

167 2613 317 2659 quem
353 2614 515 2660 neque
551 2600 622 2646 fas
659 2597 760 2660 igni
797 2597 1031 2661 cuiquam
1069 2614 1162 2646 nec
1199 2606 1415 2645 sternere
1450 2599 1590 2657 ferro,

220 2721 414 2768 664-689
436 2718 613 2757 MPRV
623 2734 634 2768 ;
664 2722 856 2770 690-692
877 2718 1009 2758 MPR
1248 2720 1329 2757 666
1358 2718 1582 2770 torquens]
1604 2725 1835 2770 tergusque

165 2774 304 2812 conicit
320 2773 517 2824 Schaper,
539 2786 589 2811 ne
611 2773 693 2812 duo
705 2774 922 2825 participia
939 2773 1151 2824 offendant
1447 2774 1527 2822 667
1559 2775 1765 2823 inpexum
1787 2787 1835 2812 os

165 2827 337 2866 Ribbeck
354 2829 539 2878 quiante
557 2828 668 2866 hunc
692 2841 728 2867 v.
750 2830 831 2877 669
860 2829 1094 2879 transponit
1450 2829 1533 2877 669
1561 2828 1735 2866 innixus
1753 2827 1836 2865 PR

164 2883 243 2931 671
275 2884 328 2921 de
348 2883 523 2922 nomine
551 2883 594 2921 P
780 2885 858 2921 681
891 2882 976 2921 late
998 2882 1112 2931 legio
1143 2880 1194 2918 M
1221 2880 1390 2919 Ribbeck
1581 2882 1662 2931 684
1690 2882 1834 2931 pascis

164 2937 361 3026 livorirmlli
384 2935 796 3028 Pieri-aml'ngieinsius
825 2937 1002 2987 Bentley,
1026 2939 1207 2984 sortasse
1236 2940 1331 2974 recte
1536 2936 1618 2986 689
1646 2935 1833 2984 tegmina

205 3004 233 3040 γ
381 2997 533 3042 capitls
