2020 3372
1363 179 1365 181 .
1396 130 1706 180 ‘ECLOGA
1740 130 1815 178 VI

251 293 356 325 rara
389 292 477 339 per
511 275 703 339 ignaros
740 282 901 322 errent
935 271 1168 320 animalia
1202 270 1397 320 montis.
1764 290 1818 328 40

251 354 367 404 hinc
398 354 590 418 'lapides
628 355 840 416 Pyrrhae
875 353 1044 412 iactos,
1085 350 1312 401 Saturnia
1346 369 1507 416 regna,

251 436 616 499 Caucasiasque
651 437 795 484 refert
831 436 1042 485 volucris
1078 438 1362 499 furtumque
1399 438 1693 487 Promethei.

252 517 326 566 his
363 517 598 580 adiungit,
641 519 811 579 Hylan
846 526 1027 564 nautae
1064 533 1163 580 quo
1200 518 1336 564 fonte
1373 516 1597 564 relictum

250 599 557 656 clamassent,
594 606 648 645 ut
684 597 797 645 litus
835 598 1008 658 ‘Hyla‚
1052 598 1212 658 Hyla'
1246 613 1395 645 omne
1431 605 1650 656 sonaret3

250 688 300 726 et
336 680 647 737 fortunatam,
688 677 728 725 si
763 693 1037 739 numquam
1074 685 1298 724 armenta
1332 675 1551 734 fuissent,
1764 696 1816 735 45

251 758 530 821 Pasiphaen
565 757 696 805 nivei
733 759 916 805 solatur
951 773 1118 804 amore
1154 756 1361 804 iuvenci.

249 858 291 899 a,
332 839 465 903 virgo
501 839 680 898 infelix,
721 855 848 901 quae
885 847 934 886 te
970 837 1222 886 dementia
1258 837 1417 901 cepit!

251 920 507 969 Proetides
542 922 810 983 implerunt
845 919 977 967 falsis
1014 918 1283 981 mugitibus
1319 935 1475 981 agros,

248 1011 300 1050 at
336 1019 438 1050 non
473 1011 574 1049 tam
610 1000 764 1063 turpis
800 1002 1052 1063 pecudum
1089 1009 1255 1048 tamen
1291 1001 1390 1047 ulla
1426 1008 1595 1048 secuta

249 1083 557 1143 concubitus,
598 1082 821 1146 quamvis
858 1084 988 1130 collo
1025 1081 1268 1130 timuisset
1303 1090 1529 1140 aratrum,
1767 1101 1820 1140 50

249 1176 299 1214 et
336 1182 482 1229 saepe
518 1164 569 1212 in
604 1164 701 1214 levi,
735 1163 1006 1226 quaesisset
1044 1180 1231 1211 cornua
1264 1167 1437 1211 fronte.

247 1263 290 1305 a,
330 1246 465 1308 virgo
500 1244 680 1303 infelix,
719 1254 772 1292 tu
809 1261 943 1292 nunc
979 1244 1030 1291 in
1067 1244 1319 1292 montibus
1357 1259 1513 1292 erras:

250 1325 332 1374 ille
368 1328 494 1373 latus
530 1324 730 1372 niveum
767 1324 905 1372 molli
940 1326 1090 1372 fultus
1128 1323 1396 1386 hyacintho

248 1407 361 1456 ilice
397 1406 489 1455 sub
524 1406 660 1469 nigra
695 1405 923 1469 pallentis
959 1404 1173 1454 ruminat
1209 1405 1386 1453 herbas

247 1498 329 1537 aut
346 1488 553 1551 aliquam
571 1487 621 1535 in
639 1504 813 1551 magno
832 1486 1041 1550 sequitur
1057 1503 1207 1549 grege.
1280 1491 1289 1511 ‘
1305 1485 1521 1545 claudite,
1547 1487 1815 1549 Nymphae,

250 1570 486 1618 Dictaeae
523 1570 799 1632 Nymphae,
840 1585 1101 1617 nemorum
1136 1567 1235 1616 iam
1273 1567 1488 1616 claudite
1524 1569 1688 1626 saltus,
1764 1575 1817 1625 56

212 1640 227 1642 ⁷
249 1650 290 1698 si
326 1667 423 1713 qua
457 1652 582 1698 forte
618 1651 775 1697 ferant
811 1648 967 1697 oculis
1005 1665 1112 1697 sese
1149 1648 1296 1696 obvia
1332 1647 1508 1696 nostris

250 1732 526 1780 errabunda
562 1731 703 1779 bovis
739 1730 973 1793 vestigia,
1015 1729 1218 1779 forsitan
1256 1729 1394 1778 illurn

246 1823 332 1862 aut
367 1813 521 1861 herba
556 1822 756 1876 captum
793 1812 935 1861 viridi
971 1821 1054 1860 aut
1090 1821 1313 1860 armenta
1348 1821 1573 1860 secutum

246 1895 519 1957 perducant
554 1893 748 1956 aliquae
785 1893 977 1941 stabula
1012 1894 1077 1941 ad
1115 1892 1353 1955 Gortynia
1388 1894 1598 1940 vaccae.'
1764 1900 1817 1941 60

247 1986 353 2023 tum
389 1975 522 2024 canit
559 1974 898 2038 Hesperidum
935 1974 1160 2023 miratam
1197 1976 1326 2022 mala
1361 1976 1576 2036 puellam
1587 1992 1600 2033 3

247 2066 353 2104 tum
390 2056 811 2105 Phaethontiadas
848 2073 1022 2105 musco
1059 2056 1332 2104 circumdat
1367 2072 1561 2103 amarae

247 2136 439 2184 corticis
476 2145 624 2199 atque
662 2138 768 2185 solo
803 2153 1030 2199 proceras
1068 2136 1205 2198 erigit
1241 2138 1393 2184 alnos.

246 2227 352 2265 tum
389 2217 520 2266 canit
558 2226 801 2265 errantem
840 2216 1083 2266 Permessi
1118 2218 1183 2265 ad
1220 2216 1424 2265 flumina
1462 2218 1660 2265 Gallum

246 2301 415 2346 Aonas
451 2298 501 2346 in
539 2298 721 2347 montis
758 2307 812 2347 ut
847 2298 1039 2347 duxerit
1076 2315 1175 2346 una
1211 2315 1447 2357 sororum,
1761 2306 1810 2358 65

245 2389 397 2442 utque
432 2379 534 2427 viro
573 2379 765 2428 Phoebi
802 2381 981 2428 chorus
1017 2378 1341 2427 adsurrexerit
1377 2378 1538 2427 omnis
1556 2397 1569 2439 3

244 2470 298 2508 ut
336 2460 488 2508 Linus
525 2462 648 2509 haec
684 2460 753 2508 illi
790 2460 958 2508 divino
995 2459 1211 2508 carmine
1247 2469 1413 2523 pastor

244 2541 446 2590 floribus
482 2551 631 2605 atque
667 2541 781 2604 apio
820 2541 964 2590 crinis
1002 2551 1201 2590 ornatus
1237 2558 1405 2589 amaro

245 2621 439 2670 dixerit:
483 2624 600 2670 ‘hos
638 2622 727 2671 tibi
765 2624 885 2670 dant
923 2624 1154 2681 calamos,
1194 2639 1256 2670 en
1292 2621 1475 2683 accipe,
1515 2623 1706 2681 Musae,

244 2704 462 2750 Ascraeo
498 2719 623 2765 quos
659 2712 774 2750 ante
812 2702 930 2762 seni,
967 2702 1146 2765 quibus
1179 2702 1263 2751 ille
1300 2704 1490 2751 solebat
1761 2721 1809 2762 70

238 2784 493 2831 cantando
529 2782 706 2846 rigidas
743 2785 990 2832 deducere
1028 2783 1280 2847 montibus
1318 2801 1478 2832 ornos.

197 2925 332 2961 40-47
354 2911 459 2957 PR;
490 2913 621 2960 48-71
649 2911 777 2950 MPR
996 2925 1050 2960 40
1079 2913 1250 2961 ignotos
1263 2912 1449 2963 P7a²bcrr
1558 2926 1607 2963 41
1641 2914 1710 2952 hic
1723 2913 1808 2964 Ργ1

143 2978 196 3014 49
225 2972 371 3004 secuta
391 2972 457 3004 est
476 2966 622 3016 R‘yabc
774 2978 822 3015 51
856 2966 1124 3015 quaesissent
1143 2966 1186 3005 P
1200 2967 1369 3006 Ribbeck

196 3044 324 3071 VERG.
1673 3036 1698 3073 2
