2014 3372
214 154 267 201 P.
306 153 606 202 VERGILI
645 152 971 201 MARONIS

213 293 295 343 hic
331 295 574 357 templum
613 291 797 341 Iunoni
833 291 1007 354 ingens
1045 289 1250 356 Sidonia
1288 289 1426 339 Dido

213 377 477 434 condebat,
519 374 664 424 donis
703 375 997 438 opulentum
1035 382 1084 422 et
1120 371 1326 421 numine
1366 371 1525 435 divae,

212 474 356 506 aerea
392 456 472 505 cui
507 455 741 519 gradibus
779 455 1044 517 surgebant
1080 453 1252 502 limina
1290 469 1546 515 nexaeque

212 555 324 587 aere
361 539 536 596 trabes,
576 536 764 586 foribus
801 537 952 585 cardo
989 534 1227 584 stridebat
1263 533 1413 583 aenis.

212 622 310 669 hoc
346 619 562 683 primum
598 618 651 667 in
686 620 801 667 luco
838 634 968 670 nova
1003 634 1079 666 res
1117 617 1285 666 oblata
1322 615 1553 664 timorem
1811 632 1896 674 450

212 701 363 761 leniit,
404 701 486 750 hic
521 700 738 764 primum
773 703 971 749 Aeneas
1009 715 1204 762 sperare
1242 699 1452 752 salutem

211 801 360 832 ausus
398 793 446 832 et
482 782 694 832 adflictis
732 781 908 830 melius
946 782 1199 830 confidere
1239 780 1398 828 rebus.

212 882 430 928 namque
468 865 562 913 sub
597 863 786 927 ingenti
822 865 996 911 lustrat
1033 863 1155 911 dum
1194 860 1386 924 singula
1422 861 1610 924 templo

212 945 432 1009 reginam
470 944 748 1009 opperiens,
786 946 910 993 dum
948 959 1076 1006 quae
1114 944 1311 991 fortuna
1348 941 1409 991 sit
1445 941 1556 990 urbi

211 1026 559 1089 artificumque
596 1043 773 1075 manus
809 1025 936 1074 intra
973 1041 1026 1073 se
1063 1037 1372 1087 operumque
1409 1023 1633 1072 laborem
1810 1040 1890 1082 455

212 1108 427 1168 miratur,
469 1107 605 1156 videt
644 1106 820 1156 Iliacas
858 1123 918 1154 ex
954 1104 1129 1154 ordine
1166 1122 1357 1168 pugnas

212 1195 445 1256 bellaque
481 1192 580 1241 iam
616 1193 749 1240 fama
785 1199 947 1239 totum
984 1191 1181 1253 vulgata
1217 1205 1304 1252 per
1342 1189 1528 1247 orbem,

212 1275 412 1324 Atridas
452 1273 807 1336 Priamumque
845 1280 893 1319 et
931 1287 1134 1319 saevum
1171 1270 1418 1319 ambobus
1456 1267 1718 1318 Achillem.

212 1356 434 1407 constitit
470 1366 519 1405 et
555 1355 817 1404 lacrimans
860 1352 999 1417 ‘quis
1036 1352 1135 1401 iam
1172 1354 1339 1402 locus'
1376 1351 1537 1415 inquit
1578 1351 1810 1408 ‘Achate,

213 1460 341 1506 quae
377 1441 511 1505 regio
549 1440 600 1488 in
638 1439 775 1488 terris
812 1437 968 1487 nostri
1003 1454 1107 1487 non
1144 1439 1292 1500 plena
1329 1435 1548 1485 laboris?
1809 1440 1893 1492 460

212 1541 275 1572 en
313 1523 551 1571 Priamus.
628 1530 743 1570 sunt
779 1519 861 1568 hic
898 1519 1047 1567 etiam
1085 1536 1173 1567 sua
1208 1518 1428 1582 praemia
1463 1516 1633 1577 laudi3

212 1615 327 1654 sunt
363 1603 595 1653 lacrimae
633 1619 795 1651 rerum
834 1610 883 1650 et
919 1609 1141 1648 mentem
1179 1598 1404 1648 mortalia
1440 1605 1662 1661 tangunt.

213 1689 349 1736 solve
386 1695 582 1746 metus3
631 1687 754 1734 feret
790 1685 915 1733 haec
951 1682 1170 1745 aliquam
1207 1680 1298 1730 tibi
1333 1683 1465 1729 fama
1500 1679 1742 1727 salutem.'

212 1769 282 1819 sic
318 1768 386 1818 ait
422 1778 573 1832 atque
610 1766 835 1816 animum
872 1765 1065 1828 pictura
1100 1763 1258 1827 pascit
1294 1762 1430 1811 inani

212 1853 368 1900 multa
403 1867 621 1915 gemens,
662 1851 899 1911 largoque
936 1856 1155 1896 umectat
1192 1845 1398 1894 flumine
1433 1846 1640 1893 vultum.
1809 1849 1908 1902 465-

211 1949 430 1996 namque
465 1931 668 1980 videbat
704 1929 776 1978 uti
812 1930 1055 1977 bellantes
1093 1930 1334 1990 Pergama
1369 1926 1556 1975 circum

211 2015 305 2062 hac
342 2015 566 2076 fugerent
604 2010 735 2070 Grai,
775 2017 1022 2074 premeret
1055 2007 1275 2057 Troiana
1309 2007 1550 2065 iuventus,

212 2097 306 2143 hac
343 2096 573 2157 Phryges,
615 2092 818 2141 instaret
855 2109 1001 2140 curru
1037 2089 1263 2139 cristatus
1299 2088 1534 2138 Achilles.

211 2193 305 2224 nec
341 2177 515 2239 procul
552 2174 670 2223 hinc
708 2173 865 2222 Rhesi
901 2172 1057 2221 niveis
1093 2171 1306 2222 tentoria
1341 2170 1461 2219 velis

210 2256 435 2321 agnoscit
471 2255 746 2314 lacrimans,
787 2254 949 2317 primo
985 2270 1114 2316 quae
1150 2252 1346 2316 prodita
1383 2268 1562 2299 somno
1807 2266 1893 2311 470

211 2339 434 2402 Tydides
471 2339 628 2385 multa
664 2336 888 2384 vastabat
925 2336 1079 2383 caede
1116 2343 1360 2392 cruentus,

211 2420 529 2482 ardentisque
565 2417 738 2467 avertit
775 2433 931 2480 equos
967 2415 1020 2464 in
1057 2424 1214 2464 castra
1249 2414 1381 2478 prius
1419 2430 1570 2476 quam

143 2520 147 2523 ·
210 2503 395 2566 pabula
429 2508 710 2564 gustassent
744 2498 926 2547 Troiae
962 2498 1322 2559 Xanthumque
1358 2494 1613 2543 bibissent.

210 2593 348 2648 parte
384 2582 480 2630 alia
515 2581 707 2644 fugiens
744 2580 937 2628 amissis
974 2578 1173 2628 Troilus
1209 2577 1370 2636 armis,

210 2664 379 2714 infelix
414 2680 536 2727 puer
571 2672 722 2724 atque
758 2661 918 2724 impar
955 2677 1247 2723 congressus
1284 2658 1482 2717 Achilli,
1806 2673 1889 2718 475

266 2799 457 2847 446-475
486 2794 653 2834 FMPR
792 2795 873 2843 448
903 2793 1114 2842 nixaeque
1139 2791 1180 2830 b¹
1200 2791 1408 2830 detem'ores
1418 2790 1548 2841 pauci
1561 2787 1734 2834 Probus,
1760 2800 1888 2838 agno-

210 2852 284 2891 scit
301 2852 354 2891 D.
375 2851 488 2890 Serv.
563 2863 663 2898 -que
684 2862 765 2887 om.
784 2863 853 2898 Ὑπ,
873 2848 1022 2898 probat
1039 2846 1214 2886 Kvffiala
1326 2857 1406 2895 455
1437 2845 1549 2882 intra
1569 2856 1617 2882 se
1638 2843 1672 2881 c¹
1689 2841 1887 2893 Madvig:

210 2908 323 2945 inter
353 2919 400 2944 se
424 2904 674 2955 FMPR7bn
693 2903 808 2942 Serv.
831 2902 1025 2941 Nonius:
1072 2901 1184 2939 inter
1213 2914 1260 2939 se
1283 2932 1290 2940 .
1317 2931 1325 2940 .
1350 2930 1358 2939 .
1385 2899 1591 2937 mirantur
1618 2896 1889 2947 Peerlkamp:

211 2962 374 2999 intrans
403 2960 575 2998 Ribbeck
739 2961 820 3008 458
848 2957 1046 2996 Atridem
1075 2955 1249 2995 Senecae
1269 2956 1344 3007 (ep.
1373 2954 1470 3004 104)
1495 2952 1640 2991 codices
1805 2952 1888 3005 469

213 3028 292 3053 nec
313 3013 372 3052 F2
393 3015 436 3053 in
459 3027 607 3053 rasura
630 3012 722 3050 MR
741 3027 749 3051 :
781 3019 823 3051 et
842 3012 901 3051 Pl
924 3026 931 3050 :
964 3013 1077 3050 haud
1098 3011 1194 3061 P2'7
1361 3022 1439 3057 470
1470 3007 1654 3046 lacrimis
1675 3006 1720 3058 γι
1835 3004 1837 3007 ⁴
