2014 3372
233 145 287 193 P.
326 143 624 192 VERGILI
663 141 988 190 MARONIS

230 283 494 347 procubuit
519 299 665 346 super
688 290 837 344 atque
862 282 1030 330 haeret
1055 278 1416 342 lacrimansque
1440 294 1757 343 gemensque,
1791 330 1794 333 Α
1825 298 1903 340 ¹50

231 374 280 415 et
315 365 393 413 via
428 364 507 413 vix
543 364 745 412 tandem
781 361 916 411 vocis
953 363 1113 410 laxata
1148 362 1322 410 dolore
1358 369 1461 409 est:

235 449 364 494 ‘non
400 446 537 503 haec,
577 460 607 492 o
645 444 792 502 Palla,
834 444 1040 492 dederas
1078 441 1320 506 promissa
1355 440 1558 504 parenti.

230 525 421 575 cautius
458 534 512 574 ut
549 541 696 574 saevo
732 525 882 573 velles
919 532 967 574 te
1004 524 1205 573 credere
1244 522 1427 571 Marti!

230 609 366 656 haud
402 607 598 670 ignarus
635 623 768 655 eram
807 614 1048 669 quantum
1086 621 1216 653 nova
1251 603 1404 668 gloria
1440 603 1492 652 in
1527 603 1675 653 armis
1882 657 1891 661 ,,

230 698 279 739 et
315 690 579 753 praedulce
616 689 768 738 decus
805 686 965 751 primo
1002 686 1270 736 certamine
1306 694 1487 749 posset.
1825 704 1900 747 155

229 770 473 834 primitiae
509 768 698 822 iuvenis
735 768 941 818 miserae
977 767 1195 831 bellique
1230 766 1497 831 propinqui

230 853 353 901 dura
389 851 681 910 rudimenta,
722 859 771 899 et
807 849 929 898 nulli
966 849 1194 899 exaudita
1231 850 1439 898 deorum

229 941 344 981 vota
379 948 651 995 precesque
688 935 858 980 meae!
907 940 1075 994 tuque,
1115 947 1146 979 o
1184 929 1493 979 sanctissima
1529 928 1759 990 coniunx,

229 1013 344 1063 felix
379 1022 537 1063 morte
574 1022 658 1062 tua
694 1030 858 1076 neque
894 1012 944 1061 in
981 1014 1116 1061 hunc
1152 1021 1340 1061 servata
1376 1012 1630 1061 dolorem!

229 1105 402 1145 contra
438 1112 529 1159 ego
565 1094 780 1144 vivendo
816 1094 911 1143 vici
947 1110 1058 1143 mea
1093 1095 1206 1153 fata,
1245 1101 1491 1157 superstes
1824 1100 1902 1151 160

229 1186 461 1226 restarem
498 1185 552 1225 ut
588 1175 790 1239 genitor.
865 1178 1055 1224 Troum
1092 1174 1226 1224 socia
1261 1191 1397 1222 arma
1433 1182 1658 1223 secutum

230 1259 495 1308 obruerent
534 1256 707 1306 Rutuli
744 1255 886 1306 telis!
934 1255 1154 1305 animam
1190 1254 1296 1319 ipse
1333 1254 1583 1304 dedissem

228 1349 378 1403 atque
414 1341 539 1389 haec
574 1356 759 1403 pompa
795 1340 1003 1387 domum
1040 1354 1135 1397 me,
1174 1354 1277 1386 non
1315 1338 1549 1397 Pallanta,
1591 1337 1822 1387 referret!
1880 1356 1884 1358 >

229 1439 322 1471 nec
358 1438 445 1470 vos
482 1420 735 1484 arguerim,
776 1419 969 1479 Teucri,
1010 1436 1103 1468 nec
1140 1419 1341 1468 foedera
1377 1435 1470 1467 nec
1507 1434 1630 1481 quas

229 1503 478 1552 iunximus
516 1501 734 1565 hospitio
773 1503 999 1550 dextras:
1049 1517 1153 1549 sors
1190 1499 1282 1548 ista
1318 1508 1547 1548 senectae
1829 1506 1901 1560 165

228 1584 399 1635 debita
435 1593 536 1633 erat
573 1591 781 1632 nostrae.
856 1583 993 1646 quod
1030 1581 1071 1629 si
1107 1581 1369 1629 immatura
1406 1581 1640 1629 manebat

228 1681 361 1715 mors
397 1674 582 1725 natum,
623 1663 777 1714 caesis
814 1665 1111 1713 Volscorum
1148 1662 1347 1711 milibus
1382 1670 1497 1711 ante

229 1748 497 1796 ducentem
533 1746 584 1794 in
621 1745 820 1794 Latium
856 1747 1077 1794 Teucros
1114 1743 1352 1793 cecidisse
1388 1743 1587 1793 iuvabit.

229 1829 350 1892 quin
387 1845 479 1891 ego
515 1845 618 1877 non
654 1827 751 1876 alio
788 1826 961 1889 digner
996 1835 1045 1875 te
1081 1827 1265 1885 funere,
1307 1827 1456 1885 Palla,

230 1927 380 1974 quam
416 1909 526 1972 pius
562 1912 759 1958 Aeneas
796 1916 844 1957 et
881 1924 1030 1971 quam
1068 1907 1234 1970 magni
1271 1909 1486 1970 Phryges
1524 1915 1572 1955 et
1609 1922 1760 1969 quam
1823 1921 1902 1965 170

229 1990 570 2054 Tyrrhenique
607 1991 773 2049 duces,
813 1990 1124 2051 Tyrrhenum
1162 1988 1400 2038 exercitus
1437 1986 1612 2037 omnis.
1893 2002 1895 2004 ·

229 2089 409 2135 magna
445 2080 645 2134 tropaea
680 2072 843 2120 ferunt
879 2085 1004 2133 quos
1041 2071 1126 2118 dat
1162 2078 1247 2118 tua
1282 2071 1482 2118 dextera
1517 2069 1647 2127 let03

229 2162 283 2202 tu
320 2170 520 2217 quoque
556 2170 690 2202 nunc
727 2161 878 2202 stares
914 2151 1144 2200 immanis
1182 2161 1382 2200 truncus
1419 2149 1470 2198 in
1505 2147 1666 2207 armis,

229 2243 359 2284 esset
394 2251 480 2298 par
515 2243 648 2283 aetas
686 2242 734 2283 et
770 2234 904 2282 idem
941 2233 982 2282 si
1017 2234 1167 2283 robur
1202 2234 1266 2282 ab
1301 2231 1457 2290 annis,

229 2318 411 2364 Turne.
485 2317 574 2365 sed
610 2314 779 2364 infelix
812 2317 1033 2364 Teucros
1071 2314 1192 2378 quid
1230 2315 1462 2363 demoror
1496 2309 1680 2360 armis?
1819 2328 1899 2370 175

229 2396 394 2446 vadite
431 2406 479 2446 et
514 2398 638 2446 haec
676 2413 919 2445 memores
956 2395 1056 2459 regi
1094 2396 1328 2443 mandata
1364 2395 1570 2442 referte:

230 2480 367 2541 quod
404 2478 553 2527 vitam
591 2495 756 2528 moror
791 2478 1001 2526 invisam
1040 2478 1263 2525 Pallante
1300 2483 1559 2539 perempto

230 2560 430 2608 dextera
465 2575 613 2608 causa
649 2568 734 2607 tua
769 2567 854 2618 est,
896 2561 1123 2607 Turnum
1160 2566 1379 2620 natoque
1414 2554 1639 2619 patrique

288 2699 391 2737 150
379 2690 472 2737 178
494 2687 624 2726 MPR
918 2698 990 2736 151
1022 2687 1137 2725 vocis
1158 2684 1267 2736 Ργαι
1289 2699 1299 2723 t
1327 2697 1454 2723 voces
1475 2682 1542 2720 Ml
1563 2698 1572 2723 :
1601 2683 1693 2722 voci
1714 2682 1898 2724 M2Rbc:

229 2743 348 2781 vocis
369 2743 511 2782 laxata
532 2742 667 2781 dolori
690 2749 754 2781 est
775 2741 976 2780 Hei‘nszus
1131 2752 1207 2789 152
1237 2751 1400 2778 comma
1421 2742 1516 2789 post
1541 2738 1707 2787 parenti
1731 2741 1901 2789 ponunt

230 2797 326 2835 alu:
366 2797 562 2846 petenti‘
575 2795 701 2836 ali’os
727 2797 863 2847 legisse
891 2799 1062 2833 testatur
1077 2794 1131 2834 D.
1157 2794 1271 2833 Serv
1279 2793 1454 2843 ,probat
1479 2791 1657 2845 Madvig
1821 2792 1897 2840 164

229 2864 452 2900 arguerem
473 2851 562 2903 R7¹
798 2850 875 2889 168
904 2850 1067 2888 iuvaret
1088 2848 1183 2898 Μγ3
1186 2847 1249 2886 c²x
1279 2846 1425 2886 iuvare
1446 2846 1488 2884 R
1711 2846 1896 2895 169-175

229 2906 529 2955 locusfortasse
546 2905 714 2958 spurtus
828 2916 900 2954 171
933 2901 1227 2954 Tyrrhenum]
1249 2902 1524 2951 equitumque
1541 2900 1707 2948 Bentley
1772 2898 1773 2901 ’
1819 2910 1902 2948 172

229 2960 366 2999 ferant
386 2959 515 3012 R7¹b1
667 2972 744 3009 173
773 2959 886 2998 arvis
907 2958 1074 3009 Bentley
1238 2969 1314 3007 175
1344 2954 1493 3006 armis]
1515 2954 1624 2993 ultra
1644 2953 1845 2993 Heinsius
