2014 3372
1325 171 1687 221 AENEIDOS
1727 173 1802 222 IX

134 300 440 364 bellatorque
474 300 642 351 animo
678 303 800 351 deus
836 301 1023 353 incidit.

135 383 403 442 Pandarus,
442 392 495 431 ut
530 384 640 432 fuso
674 400 963 446 germanum
999 402 1207 450 corpore
1243 387 1398 437 cernit

134 472 182 511 et
219 479 319 526 quo
355 464 416 512 sit
451 466 646 513 fortuna
680 466 804 525 loco,
845 465 931 529 qui
966 484 1108 516 casus
1142 478 1255 532 agat
1290 486 1380 529 res,

134 553 327 606 portam
363 543 410 591 vi
446 547 602 594 multa
637 562 875 595 converso
911 547 1111 597 cardine
1147 558 1344 613 torquet

134 623 344 672 obnixus
381 625 490 673 latis
527 626 720 686 umeris,
761 629 1044 691 multosque
1080 646 1282 679 suorum
1725 650 1799 694 725

134 705 398 755 moenibus
435 709 658 756 exclusos
695 710 820 758 duro
856 709 907 758 in
944 711 1211 761 certamine
1252 712 1432 776 linquit
1447 731 1461 774 3

131 795 206 846 ast
241 785 362 835 alios
399 804 567 836 secum
603 788 811 839 includit
830 789 1118 854 recipitque
1153 793 1350 852 ruentis,

132 868 352 928 demens,
392 868 478 932 qui
514 871 756 919 Rutulum
793 870 844 919 in
880 872 1048 922 medio
1083 890 1185 922 non
1221 874 1417 938 agmine
1453 891 1618 939 regem

131 947 306 997 viderit
341 948 707 1013 inrumpentem
742 954 970 1016 ultroque
1005 953 1256 1004 incluserit
1291 955 1414 1015 urbi,

132 1027 402 1078 immanem
437 1031 588 1079 veluti
624 1049 805 1095 pecora
839 1033 967 1083 inter
1001 1034 1176 1089 inertia
1211 1034 1386 1098 tigrim.
1725 1056 1801 1098 730

132 1109 371 1159 continuo
406 1127 535 1160 nova
570 1114 653 1161 lux
688 1114 843 1163 oculis
880 1115 1059 1163 effulsit
1095 1125 1143 1164 et
1178 1133 1315 1165 arma

132 1192 434 1241 horrendum
470 1209 692 1254 sonuere,
733 1204 948 1244 tremunt
984 1196 1035 1244 in
1071 1196 1252 1246 vertice
1288 1197 1463 1247 cristae

132 1271 430 1334 sanguineae
466 1273 728 1338 clipeoque
764 1275 997 1325 micantia
1032 1277 1240 1326 fulmina
1276 1278 1436 1327 mittit.

131 1363 407 1416 agnoscunt
442 1354 620 1404 faciem
656 1356 864 1405 invisam
899 1367 1049 1421 atque
1084 1357 1322 1407 immania
1358 1360 1580 1409 membra

131 1434 312 1482 turbati
349 1434 513 1484 subito
550 1439 831 1487 Aeneadae.
904 1448 1011 1486 tum
1047 1441 1302 1488 Pandarus
1337 1439 1512 1503 ingens
1723 1460 1796 1502 735

131 1514 311 1563 emicat
346 1525 395 1564 et
431 1517 601 1566 mortis
637 1520 877 1568 fraternae
912 1519 1127 1569 fervidus
1162 1519 1232 1569 ira

130 1597 334 1646 effatur:
387 1602 398 1622 ‘
417 1615 518 1647 non
554 1601 677 1648 haec
713 1600 891 1649 dotalis
927 1601 1058 1663 regia
1093 1604 1317 1661 Amatae,

130 1694 223 1726 nec
259 1677 409 1726 muris
445 1679 646 1729 cohibet
680 1680 847 1744 patriis
883 1682 1048 1730 media
1084 1684 1249 1731 Ardea
1284 1685 1524 1733 Turnum.

131 1768 289 1806 castra
317 1758 517 1808 inimica
554 1760 704 1820 vides,
746 1764 881 1810 nulla
916 1761 1033 1811 hinc
1069 1762 1198 1812 exire
1233 1767 1482 1826 potestas.'

130 1839 215 1888 olli
251 1840 509 1890 subridens
546 1844 718 1892 sedato
753 1853 954 1906 pectore
990 1846 1218 1893 Turnus:
1720 1865 1797 1908 740

135 1920 336 1984 ‘incipe,
377 1922 417 1971 si
454 1939 552 1986 qua
588 1923 757 1973 animo
793 1924 956 1985 virtus,
997 1935 1046 1974 et
1081 1942 1286 1975 consere
1321 1928 1558 1988 dextram,

129 2001 211 2050 hic
246 2002 394 2051 etiam
430 2002 686 2052 inventum
723 2004 919 2054 Priamo
956 2006 1174 2054 narrabis
1210 2007 1488 2057 Achillem.'

129 2082 329 2131 dixerat.
402 2083 483 2133 ille
519 2086 694 2134 rudem
731 2085 876 2134 nodis
913 2096 962 2135 et
998 2087 1179 2136 cortice
1215 2089 1370 2137 crudo

128 2161 378 2226 intorquet
414 2165 619 2214 summis
655 2165 864 2215 adnixus
900 2166 1083 2216 viribus
1119 2169 1311 2217 hastam
1327 2187 1341 2230 5

129 2260 365 2308 excepere
399 2263 558 2305 aurae,
598 2249 776 2296 vulnus
814 2248 1040 2297 Saturnia
1077 2251 1206 2298 Iuno
1718 2270 1793 2313 745

128 2325 333 2374 detorsit
368 2326 583 2386 veniens,
623 2338 893 2392 portaeque
928 2328 1143 2393 infigitur
1178 2332 1330 2379 hasta.

133 2409 207 2453 ‘at
244 2423 345 2454 non
381 2409 478 2456 hoc
514 2411 680 2468 telum,
717 2427 828 2459 mea
862 2412 1000 2472 quod
1035 2410 1082 2459 vi
1117 2412 1317 2460 dextera
1350 2422 1523 2472 versat,

128 2486 343 2549 effugies,
382 2505 544 2551 neque
580 2489 714 2538 enim
749 2490 790 2539 is
826 2491 911 2539 teli
946 2509 1039 2540 nec
1074 2492 1287 2540 vulneris
1322 2496 1523 2542 auctor.'

127 2566 197 2615 sic
232 2567 312 2627 ait,
351 2578 400 2616 et
434 2569 683 2618 sublatum
718 2572 815 2619 alte
851 2571 1100 2635 consurgit
1134 2571 1186 2620 in
1221 2590 1392 2622 ensem

127 2656 176 2695 et
212 2648 427 2697 mediam
462 2652 588 2700 ferro
623 2651 819 2714 gemina
855 2652 980 2702 inter
1015 2663 1238 2716 tempora
1272 2657 1485 2704 frontem
1715 2675 1795 2716 750

183 2789 372 2826 721—750
390 2776 520 2816 MPR
659 2793 733 2828 721
756 2782 922 2819 animos
942 2780 1045 2821 lldlcl
1060 2782 1210 2832 probat
1220 2782 1423 2821 Heinsius
1536 2796 1614 2831 722
1636 2783 1792 2835 cernit]

125 2830 231 2868 vidit
259 2830 392 2881 P7b²c
609 2846 687 2883 723
716 2836 811 2883 quis
839 2834 1007 2885 PR7¹b²
1212 2849 1291 2884 724
1321 2849 1473 2885 magna
1500 2837 1554 2874 M
1715 2850 1789 2886 731

126 2884 285 2923 offulsit
304 2884 347 2923 R
364 2885 529 2936 Bentley
730 2901 809 2937 733
838 2888 1050 2938 clipeique
1070 2888 1156 2939 1³71
1267 2891 1439 2929 mittunt
1452 2890 1578 2941 PR7¹
1601 2905 1610 2929 ε
1642 2897 1792 2930 nutant

125 2936 335 2977 deteriores
353 2939 525 2989 quidam
544 2954 552 2977 :
586 2942 748 2981 nictant
762 2943 956 2993 proponit
972 2942 1190 2994 Nettleship
1301 2944 1376 2992 741
1410 2945 1539 2983 animi
1560 2944 1603 2982 R
1714 2958 1790 2995 747

126 2991 288 3044 versat]
311 2993 432 3032 librat
449 2993 590 3046 P7a²c
751 2997 830 3045 748
861 2995 918 3048 is]
940 3009 987 3036 es
1004 2995 1114 3048 P7b²
1131 3010 1142 3036 :
1173 3010 1220 3036 es
1239 2996 1315 3037 leti
1334 2997 1525 3038 Schrbter
