2014 3372
214 156 267 203 P.
306 154 606 203 VERGILI
646 154 970 202 MARONIS

285 296 401 342 ‘Est
437 292 488 340 in
526 291 795 356 Carpathio
832 293 1057 354 Neptuni
1090 291 1279 356 gurgite
1312 301 1447 341 vates

211 377 465 423 caeruleus
503 376 724 433 Proteus,
765 390 1001 437 magnum
1037 372 1123 436 qui
1158 373 1377 437 piscibus
1411 390 1600 437 aequor

212 465 261 503 et
296 455 468 504 iuncto
505 454 746 517 bipedum
783 471 927 503 curru
963 454 1163 503 metitur
1198 471 1453 517 equorum.

211 536 292 586 hic
328 554 463 585 nunc
501 535 764 586 Emathiae
800 545 972 599 portus
1008 536 1317 599 patriamque
1352 536 1515 585 revisit
1808 557 1888 600 390

212 620 450 667 Pallenen
467 637 482 679 ,·
523 620 658 667 hunc
695 627 744 667 et
781 620 1047 682 Nymphae
1081 635 1373 667 veneramur
1407 628 1456 668 et
1491 618 1598 682 ipse

209 701 516 762 grandaevus
555 702 776 748 Nereus:
820 699 958 748 novit
994 716 1211 762 namque
1247 699 1415 749 omnia
1449 710 1599 760 vates,

211 798 339 844 quae
376 781 486 841 sint,
527 798 655 844 quae
690 781 883 841 fuerint,
925 798 1053 844 quae
1090 798 1206 830 mox
1239 791 1445 830 ventura
1481 783 1767 843 trahantur3

211 862 394 926 quippe
430 862 498 910 ita
535 864 775 926 Neptuno
811 861 972 910 visum
1008 871 1095 922 est,
1134 861 1370 910 immania
1405 862 1545 911 cuius

207 954 432 993 armenta
467 953 516 993 et
553 943 707 1008 turpis
744 943 901 1008 pascit
938 944 1030 993 sub
1067 943 1255 1007 gurgite
1290 945 1491 1007 phocas.
1807 964 1884 1006 395

209 1025 289 1074 hic
326 1025 430 1085 tibi,
469 1035 598 1085 nate,
637 1024 772 1088 prius
807 1024 981 1073 vinclis
1018 1024 1302 1087 capiendus,
1343 1034 1398 1073 ut
1433 1041 1636 1073 omnem

208 1106 437 1170 expediat
473 1105 635 1155 morbi
672 1122 873 1154 causam
909 1115 1215 1168 eventusque
1252 1106 1503 1154 secundet.

207 1205 324 1236 nam
361 1187 468 1236 sine
503 1187 551 1236 vi
587 1204 690 1235 non
726 1189 826 1235 ulla
862 1186 1001 1235 dabit
1037 1195 1311 1250 praecepta,
1353 1203 1517 1250 neque
1551 1187 1692 1236 illum

207 1271 397 1318 orando
434 1271 635 1329 flectes;
669 1267 769 1316 vim
806 1269 982 1317 duram
1019 1277 1067 1316 et
1103 1267 1299 1317 vincula
1333 1277 1480 1330 capto

207 1352 358 1399 tende
376 1369 390 1411 3
426 1349 529 1399 doli
559 1349 746 1398 circum
780 1350 904 1398 haec
937 1350 1142 1398 demum
1177 1351 1458 1412 frangentur
1486 1348 1672 1398 inanes.
1803 1371 1888 1410 400

206 1430 314 1493 ipsa
350 1447 442 1494 ego
479 1440 539 1490 te,
582 1429 776 1478 medios
813 1446 929 1478 cum
966 1432 1040 1478 sol
1075 1429 1358 1478 accenderit
1393 1439 1570 1489 aestus,

205 1529 321 1560 cum
358 1511 530 1560 sitiunt
566 1511 751 1559 herbae
787 1520 836 1559 et
871 1510 1040 1573 pecori
1075 1511 1174 1559 iam
1210 1510 1389 1573 gratior
1424 1511 1601 1560 umbra
1635 1520 1722 1571 est,

205 1592 257 1640 in
293 1602 481 1641 secreta
516 1592 647 1641 senis
685 1593 880 1651 ducam,
922 1608 1023 1654 quo
1060 1593 1215 1640 fessus
1251 1592 1316 1640 ab
1352 1591 1500 1640 undis

204 1691 257 1723 se
294 1674 479 1737 recipit,
517 1673 660 1722 facile
696 1682 750 1722 ut
787 1690 966 1722 somno
1001 1672 1287 1736 adgrediare
1321 1672 1579 1721 iacentem.

204 1773 375 1811 verum
411 1755 498 1804 ubi
534 1765 817 1818 correptum
854 1754 1083 1803 manibus
1121 1754 1394 1817 vinclisque
1430 1753 1636 1814 tenebis,
1801 1775 1880 1816 405

204 1845 310 1884 tum
346 1836 507 1884 variae
545 1837 749 1884 eludent
785 1835 975 1899 species
1011 1844 1162 1898 atque
1198 1851 1283 1883 ora
1317 1836 1543 1884 ferarum.

203 1918 288 1965 fiet
325 1916 458 1965 enim
495 1915 660 1965 subito
698 1933 780 1964 sus
817 1915 1044 1964 horridus
1081 1925 1283 1978 atraque
1319 1915 1452 1978 tigris

203 2014 600 2061 squamosusque
636 1999 788 2046 draco
825 2006 873 2046 et
909 1997 1041 2045 fulva
1078 1995 1266 2045 cervice
1303 1999 1489 2057 leaena,

202 2089 287 2128 aut
322 2096 487 2128 acrem
523 2080 754 2126 flammae
790 2077 1009 2126 sonitum
1045 2076 1184 2126 dabit
1219 2086 1368 2140 atque
1406 2077 1474 2126 ita
1505 2077 1678 2126 vinclis

203 2160 410 2220 excidet,
449 2169 534 2208 aut
570 2160 621 2208 in
657 2176 812 2222 aquas
848 2158 1010 2208 tenuis
1048 2158 1266 2221 dilapsus
1302 2159 1471 2208 abibit.
1798 2180 1882 2220 410

204 2245 293 2292 sed
331 2251 519 2306 quanto
557 2241 639 2290 ille
676 2240 831 2303 magis
868 2242 1051 2289 formas
1090 2256 1142 2288 se
1178 2248 1332 2288 vertet
1368 2239 1420 2287 in
1457 2239 1621 2289 omnis

203 2335 305 2373 tam
343 2333 410 2383 tu,
450 2332 579 2382 nate,
619 2321 774 2384 magis
813 2322 1063 2370 contende
1100 2320 1294 2369 tenacia
1329 2319 1504 2380 vincla,

203 2408 367 2455 donec
404 2404 513 2454 talis
551 2404 641 2453 erit
677 2412 870 2452 mutato
907 2419 1113 2466 corpore
1150 2404 1349 2465 qualem

202 2486 383 2536 videris
420 2486 621 2549 incepto
659 2494 843 2549 tegeret
881 2501 996 2533 cum
1033 2484 1222 2533 lumina
1257 2487 1466 2534 somno.'

272 2571 416 2624 Haec
452 2568 519 2616 ait
545 2577 593 2617 et
619 2567 865 2630 liquidum
891 2565 1168 2615 ambrosiae
1194 2566 1427 2616 diffundit
1451 2567 1674 2626 odorem,
1795 2587 1844 2628 4¹
1853 2588 1875 2628 5

252 2700 441 2747 387-415
487 2696 656 2736 GMPR
1025 2709 1106 2746 393
1149 2696 1374 2735 trahentur
1413 2695 1466 2733 M
1468 2695 1481 2717 ¹
1501 2710 1510 2735 ε
1569 2696 1794 2736 trahuntur
1829 2696 1876 2748 γ’

197 2766 279 2801 400
291 2753 543 2802 franguntur
558 2751 675 2790 PRc¹
782 2753 864 2801 406
885 2751 1033 2789 ludent
1046 2751 1089 2788 R
1107 2766 1116 2790 ε
1137 2750 1332 2790 inludent
1348 2750 1385 2789 ὁ1
1396 2750 1686 2801 ΡΙιίΙανὲγνίκε
1794 2764 1877 2800 409

197 2807 380 2846 sonitum
403 2807 593 2845 flammae
619 2805 672 2843 M
835 2819 917 2855 410
947 2805 1116 2844 elabsus
1141 2804 1177 2843 G
1326 2818 1403 2854 411
1435 2805 1562 2843 vertit
1580 2805 1643 2843 Pc
1793 2817 1874 2853 412

198 2867 280 2899 tam
301 2866 344 2899 tu
359 2860 530 2899 Ribbeck
553 2861 665 2912 quod
680 2865 717 2899 et
728 2861 948 2899 Donatum
969 2860 1029 2898 ad
1049 2860 1133 2898 Ter.
1157 2859 1256 2899 Hec.
1278 2860 1332 2899 iii.
1359 2873 1396 2910 4,
1423 2872 1448 2908 3
1468 2859 1606 2910 legisse
1615 2858 1873 2908 suspicatur:

197 2921 315 2954 tantu
339 2914 505 2966 M¹P71‚
535 2916 720 2966 agnoscit
747 2915 860 2956 Serv.
883 2929 891 2953 :
934 2920 1098 2953 tantum
1124 2913 1161 2951 b¹
1191 2914 1308 2954 schol.
1342 2914 1484 2964 Bern„
1514 2912 1699 2964 agnoscit
1723 2912 1840 2953 Serv.
1862 2927 1872 2951 t

197 2975 316 3008 tanto
332 2969 384 3006 M
387 2969 534 3020 ²R72b²
553 2968 685 3021 Serv„
704 2974 933 3021 agnoscunt
943 2969 1061 3009 schol.
1075 2968 1200 3008 Bern.
1316 2980 1396 3018 415
1421 2967 1612 3007 defundit
1631 2966 1871 3008 GRibbeck:

198 3024 408 3074 depromit
430 3024 472 3061 R
490 3038 498 3062 :
532 3024 749 3073 perfundit
769 3024 812 3062 P
