2014 3372
1339 158 1699 208 AENEIDOS
1738 158 1814 206 IX

147 308 376 373 princeps
411 309 667 357 ardentem
702 303 916 355 coniecit
950 304 1182 366 lampada
1217 303 1415 349 Turnus
1736 316 1812 357 535

148 398 196 437 et
232 391 483 437 flammam
517 386 688 436 adfixit
723 384 875 444 lateri,
915 401 1042 448 quae
1083 382 1295 446 plurima
1328 389 1478 430 vento

148 469 380 532 corripuit
415 470 608 518 tabulas
643 477 692 517 et
727 466 952 531 postibus
988 464 1146 514 haesit
1182 463 1357 513 adesis.

148 550 329 599 turbati
364 550 606 614 trepidare
641 549 773 598 intus
809 550 1083 610 frustraque
1119 547 1362 594 malorum

147 633 273 680 velle
308 633 486 694 fugam.
560 632 681 680 dum
718 646 769 678 se
805 630 1079 692 glomerant
1115 635 1343 688 retroque
1379 623 1601 673 residunt

147 713 198 761 in
234 722 423 776 partem
461 729 588 775 quae
623 720 762 775 peste
798 719 941 769 earet,
982 718 1087 757 tum
1124 709 1345 771 pondere
1381 705 1523 754 turris
1740 723 1819 763 540

127 793 410 858 ‚procubuit
447 792 610 841 subito
647 801 696 840 et
732 792 924 840 caelum
961 797 1101 838 tonat
1136 804 1286 836 omne
1320 788 1521 849 fragore.

148 874 420 923 semineces
455 875 519 922 ad
556 882 733 921 terram
769 870 975 919 immani
1011 871 1143 919 mole
1178 877 1348 917 secuta

148 955 428 1018 confixique
465 954 563 1003 suis
600 953 709 1002 telis
747 962 795 1001 et
830 961 1031 1015 pectora
1067 952 1193 999 duro

148 1035 401 1084 transfossi
436 1034 569 1097 ligno
606 1033 822 1082 veniunt.
896 1032 975 1080 vix
1010 1047 1138 1079 unus
1175 1031 1400 1078 Helenor

149 1126 197 1165 et
234 1119 395 1179 Lycus
432 1115 619 1178 elapsi3
667 1131 877 1177 quorum
913 1112 1191 1176 primaevus
1230 1113 1468 1169 Helenor,
1739 1127 1818 1167 545

151 1196 389 1244 Maeonio
425 1195 524 1258 regi
561 1212 711 1257 quem
748 1211 885 1243 serva
922 1192 1179 1255 Licymnia
1213 1191 1380 1239 furtim

150 1279 410 1325 sustulerat
445 1276 706 1338 vetitisque
742 1276 807 1323 ad
846 1273 1047 1323 Troiam
1083 1272 1282 1321 miserat
1316 1270 1478 1330 armis,

149 1375 267 1406 ense
303 1357 422 1406 levis
458 1359 595 1405 nudo
631 1372 900 1419 parmaque
936 1354 1170 1417 inglorius
1205 1354 1330 1402 alba.

149 1439 289 1502 isque
325 1439 411 1488 ubi
447 1456 499 1488 se
536 1438 692 1487 Turni
730 1438 895 1487 media
930 1437 1056 1485 inter
1093 1435 1226 1484 milia
1261 1435 1397 1494 vidit,

148 1520 266 1570 hinc
300 1521 432 1570 acies
466 1530 615 1583 atque
652 1519 768 1568 hinc
805 1519 935 1568 acies
970 1527 1127 1566 astare
1165 1516 1379 1575 Latinas,
1740 1533 1820 1574 550

147 1611 201 1650 ut
237 1603 350 1660 fera,
390 1619 517 1664 quae
553 1603 709 1649 densa
744 1608 1012 1648 venantum
1049 1607 1217 1660 saepta
1254 1612 1437 1645 corona

149 1691 321 1730 contra
356 1684 453 1730 tela
488 1681 602 1729 furit
639 1697 846 1742 seseque
882 1681 1018 1728 haud
1054 1677 1221 1727 nescia
1256 1676 1402 1726 morti

148 1762 287 1811 inicit
322 1772 370 1811 et
407 1764 532 1810 saltu
570 1778 717 1824 supra
750 1761 995 1809 venabula
1030 1762 1247 1808 fertur-—

148 1845 283 1892 haud
318 1843 457 1892 aliter
492 1842 681 1891 iuvenis
718 1841 910 1890 medios
946 1840 1208 1889 moriturus
1244 1839 1296 1887 in
1331 1838 1486 1887 hostis

148 1924 297 1972 inruit
332 1933 381 1972 et
417 1941 515 1987 qua
550 1925 648 1972 tela
683 1922 818 1971 videt
853 1921 1147 1970 densissima
1182 1920 1353 1969 tendit.
1741 1938 1816 1979 555

148 2015 199 2053 at
234 2005 446 2068 pedibus
482 2007 629 2066 longe
667 2002 841 2051 melior
883 2004 1045 2064 Lycus
1080 2001 1206 2049 inter
1241 2010 1290 2049 et
1325 1999 1480 2048 hostis

150 2085 275 2134 inter
311 2095 359 2134 et
394 2102 530 2133 arma
565 2087 680 2146 fuga
716 2099 882 2131 muros
921 2090 1069 2141 tenet,
1107 2083 1304 2143 altaque
1340 2089 1492 2129 certat

149 2168 390 2229 prendere
426 2174 556 2214 tecta
592 2181 742 2212 manu
779 2162 1069 2225 sociumque
1104 2161 1342 2224 attingere
1378 2163 1582 2209 dextras.

151 2264 300 2310 quem
336 2249 533 2294 Turnus
570 2245 749 2308 pariter
785 2261 930 2292 cursu
967 2245 1167 2306 teloque
1202 2251 1400 2291 secutus

151 2327 370 2391 increpat
404 2328 480 2376 his
517 2327 699 2376 victor:
750 2330 1035 2375 ‘nostrasne
1072 2325 1292 2382 evadere,
1331 2325 1550 2381 demenS,
1738 2330 1817 2382 560

151 2408 354 2470 sperasti
390 2418 438 2457 te
474 2425 620 2472 posse
657 2409 896 2456 manus?'
952 2405 1097 2454 simul
1133 2404 1299 2467 arripit
1334 2403 1497 2467 ipsum

150 2491 452 2551 pendentem
489 2499 538 2538 et
574 2505 752 2551 magna
788 2486 911 2535 muri
949 2504 1063 2535 cum
1100 2495 1236 2548 parte
1271 2484 1489 2534 revellit:

151 2569 307 2631 qualis
344 2569 429 2618 ubi
464 2579 549 2618 aut
585 2572 804 2633 leporem
839 2577 924 2616 aut
960 2566 1193 2615 candenti
1230 2582 1434 2629 corpore
1470 2581 1679 2627 cycnum

151 2649 344 2697 sustulit
380 2653 478 2698 alta
513 2660 686 2712 petens
722 2648 933 2712 pedibus
973 2647 1105 2696 Iovis
1147 2647 1354 2709 armiger
1389 2645 1542 2704 uncis,

151 2730 428 2793 quaesitum
464 2740 548 2778 aut
584 2730 726 2778 matri
763 2729 927 2778 multis
963 2728 1209 2778 balatibus
1246 2744 1428 2790 agnum
1736 2733 1814 2786 565

152 2811 362 2860 Martius
397 2829 426 2859 a
463 2810 667 2860 stabulis
703 2810 863 2873 rapuit
898 2812 1056 2872 lupus.
1131 2808 1353 2870 undique
1390 2809 1575 2856 clamor

149 3000 165 3033 t
192 2953 289 3033 '53153
304 2939 495 3016 {MPR
525 2940 717 2989 536-566
740 2937 870 2976 MPR
1051 2948 1132 2986 552
1162 2935 1281 2986 furit]
1304 2936 1386 2975 ruit
1403 2934 1508 2986 P²7¹
1620 2936 1700 2985 565
1730 2947 1813 2975 ma-

168 3007 226 3033 ns
291 3009 319 3045 γ
339 3008 359 3034 c
