2014 3372
205 160 256 206 P.
299 158 597 207 VERGILI
637 158 962 206 MARONIS

206 301 389 348 “nulla
426 302 555 349 salus
592 300 768 349 bello.''
839 299 989 363 capiti
1025 315 1149 348 cane
1185 298 1314 359 talia,
1353 301 1574 359 demens,

205 382 460 431 Dardanio
496 382 745 444 rebusque
782 380 890 430 tuis.
965 380 1174 445 proinde
1211 380 1380 430 omnia
1415 398 1598 445 magno
1796 401 1881 443 400

202 481 265 512 ne
302 481 441 513 cessa
478 463 674 512 turbare
711 472 847 512 metu
883 471 1033 526 atque
1070 465 1302 512 extollere
1337 462 1450 511 viris

201 544 360 608 gentis
398 545 472 594 bis
509 544 679 603 victae,
720 553 892 593 contra
929 561 1152 608 premere
1187 561 1324 593 arma
1360 543 1537 593 Latini.

203 643 337 675 nunc
374 636 422 676 et
462 625 838 689 Myrmidonum
877 643 1105 690 proceres
1143 625 1353 688 Phrygia
1388 642 1525 674 arma
1560 633 1875 685 tremescunt,

204 706 358 774 [nunc
395 717 443 758 et
479 707 699 770 Tydides
737 716 785 757 et
822 706 1080 757 Larisaeus
1117 704 1380 773 Achilles,]

202 789 360 838 amnis
399 799 447 839 et
486 789 763 839 Hadriacas
799 799 928 839 retro
966 789 1089 853 fugit
1126 790 1341 837 Aufidus
1378 790 1552 838 undas.
1796 806 1876 849 405

202 874 279 921 vel
316 889 430 920 cum
469 889 520 921 se
556 872 791 935 pavidum
829 881 1001 921 contra
1037 888 1149 920 mea
1184 870 1338 934 iurgia
1374 871 1527 935 fingit,

202 952 399 1002 artificis
437 955 608 1012 scelus,
649 963 698 1003 et
734 953 999 1003 formidine
1036 952 1222 1001 crimen
1259 953 1470 1001 acerbat.

203 1051 477 1098 numquam
515 1034 734 1083 animam
771 1037 920 1084 talem
957 1036 1127 1084 dextra
1162 1036 1256 1083 hac
1295 1033 1499 1100 (absiste
1535 1032 1743 1098 moveri)

202 1116 427 1166 amittes:
476 1116 665 1166 habitet
702 1126 867 1166 tecum
905 1125 953 1166 et
990 1116 1051 1165 sit
1089 1125 1289 1180 pectore
1326 1115 1377 1164 in
1414 1115 1522 1164 isto.

203 1215 337 1247 nunc
373 1199 438 1247 ad
476 1207 524 1248 te
560 1207 609 1248 et
646 1208 730 1247 tua
766 1216 958 1263 magna,
998 1208 1148 1262 pater,
1190 1199 1416 1247 consulta
1453 1205 1678 1247 revertor.
1798 1212 1880 1257 41'0

204 1280 244 1329 si
280 1282 466 1329 nullam
503 1280 682 1330 nostris
720 1283 845 1329 ultra
882 1298 1022 1344 spem
1059 1280 1203 1344 ponis
1241 1280 1292 1328 in
1328 1279 1489 1340 armis,

203 1361 243 1409 si
280 1370 387 1410 tam·
417 1361 598 1412 deserti
637 1380 807 1411 sumus
845 1371 893 1411 et
930 1364 1083 1412 semel
1120 1361 1317 1426 agmine
1353 1378 1495 1411 verso

203 1443 424 1492 funditus
462 1443 737 1493 occidimus
774 1461 938 1507 neque
974 1445 1125 1493 habet
1164 1446 1382 1493 Fortuna
1418 1459 1705 1506 regressum,

203 1541 399 1574 oremus
436 1541 611 1588 pacem
649 1535 697 1574 et
733 1527 927 1574 dextras
965 1527 1228 1574 tendamus
1265 1525 1445 1574 inertis.

203 1623 504 1669 quamquam
544 1624 574 1656 o
612 1606 652 1655 si
688 1606 861 1655 solitae
897 1606 1165 1669 quicquam
1202 1605 1392 1654 virtutis
1429 1607 1655 1655 adesset!
1795 1624 1841 1665 4¹
1853 1623 1876 1664 5

203 1686 284 1736 ille
321 1687 442 1735 mihi
478 1697 593 1737 ante
629 1688 752 1737 alios
789 1690 1166 1750 fortunatusque
1203 1688 1430 1736 laborum

204 1768 524 1832 egregiusque
560 1768 726 1828 animi,
766 1768 862 1832 qui,
904 1786 967 1818 ne
1003 1768 1124 1832 quid
1162 1770 1258 1817 tale
1295 1769 1495 1828 videret,

203 1850 467 1912 procubuit
505 1850 719 1899 moriens
756 1859 805 1899 et
841 1851 1049 1898 humum
1088 1853 1241 1899 semel
1278 1868 1362 1900 ore
1400 1850 1682 1900 momordit.

204 1930 280 1978 sin
317 1939 365 1979 et
402 1947 521 1994 opes
558 1930 702 1980 nobis
740 1940 788 1979 et
824 1932 989 1979 adhuc
1026 1931 1210 1980 intacta
1247 1932 1476 1981 iuventus

203 2011 483 2075 auxilioque
521 2012 666 2061 urbes
705 2014 859 2061 Italae
895 2012 1167 2076 populique
1206 2022 1481 2077 supersunt,
1798 2031 1880 2072 420

204 2092 280 2141 sin
316 2102 365 2142 et
400 2092 628 2141 Troianis
665 2110 780 2141 cum
817 2095 975 2142 multo
1010 2094 1164 2157 gloria
1199 2095 1334 2143 venit

204 2174 442 2237 sanguine
480 2173 615 2239 (sunt
651 2174 744 2223 illis
782 2192 870 2223 sua
905 2178 1090 2235 funera,
1131 2193 1318 2240 parque
1354 2193 1441 2239 per
1476 2174 1639 2224 omnis

203 2254 650 2319 tempestas)--cur
686 2255 945 2306 indecores
984 2257 1035 2305 in
1072 2257 1242 2306 limine
1279 2257 1439 2321 primo

204 2336 501 2385 deficimus?
549 2354 635 2385 cur
670 2347 786 2386 ante
823 2339 996 2387 tubam
1036 2348 1218 2387 tremor
1254 2345 1467 2401 occupat
1502 2337 1675 2385 artus?

204 2420 358 2466 multa
393 2418 498 2467 dies
534 2419 753 2482 variique
790 2420 930 2468 labor
967 2419 1217 2468 mutabilis
1253 2418 1362 2468 aevi
1797 2435 1877 2476 4²5

204 2499 389 2547 rettulit
426 2499 476 2546 in
514 2500 702 2559 melius,
744 2503 927 2549 multos
964 2503 1152 2550 alterna
1188 2500 1403 2549 revisens

203 2580 318 2628 lusit
355 2589 403 2628 et
439 2580 489 2628 in
527 2581 688 2630 solido
726 2599 890 2630 rursus
930 2585 1149 2631 Fortuna
1185 2581 1378 2631 locavit.

203 2678 305 2711 non
343 2662 432 2710 erit
467 2662 647 2712 auxilio
684 2663 829 2712 nobis
866 2665 1075 2712 Aetolus
1111 2672 1160 2712 et
1195 2662 1348 2726 Arpi:

202 2752 252 2791 at
292 2745 553 2807 Messapus
591 2745 680 2793 erit
716 2745 930 2808 felixque
967 2743 1266 2794 Tolumnius
1303 2753 1352 2792 et
1387 2760 1514 2807 quos

259 2888 450 2926 399-429
482 2875 613 2915 MPR
853 2890 934 2926 404
972 2877 1055 2915 eicit
1086 2875 1265 2915 Klouit‘ek
1465 2886 1546 2924 410
1585 2885 1737 2923 magne
1773 2869 1877 2910 Mbrr

203 2943 283 2978 412
313 2929 466 2981 semel]
487 2930 701 2982 simul'Py
866 2932 947 2980 418
976 2930 1130 2979 semel]
1163 2929 1299 2969 semul
1319 2928 1384 2968 P:
1424 2927 1550 2968 simul
1571 2925 1686 2965 M¹R
1794 2939 1876 2975 422

203 2992 388 3033 suntque
408 2984 474 3022 Rb
612 2997 693 3036 425
722 2985 951 3034 variusque
972 2983 1252 3036 M²P²7¹b⁹cm
1273 2983 1506 3024 Macrobius
1522 2983 1688 3023 Nonius
1704 2979 1879 3021 Ribbeck

203 3040 286 3087 426
315 3039 553 3090 multosque
575 3039 645 3078 M²
