2014 3372
277 147 328 195 P.
369 146 669 195 VERGILI
709 145 1035 194 MARONIS

275 288 498 352 deripere
535 305 868 351 excussosque
906 287 1046 336 iubet
1083 288 1246 336 laxare
1280 286 1514 336 rudentis.

275 372 486 419 tendunt
521 372 630 419 vela
667 368 817 418 Noti:
861 368 1075 432 fugimus
1114 367 1459 431 spumantibus
1495 367 1643 418 undis

273 468 371 515 qua
407 468 606 500 cursum
643 459 920 514 ventusque
957 450 1358 512 gubernatorque
1393 450 1616 498 vocabat.

271 533 370 582 iam
408 533 576 583 medio
612 541 816 597 apparet
851 535 1004 581 fluctu
1043 548 1306 581 nemorosa
1341 533 1620 594 Zacynthos
1800 558 1802 562 ,
1868 547 1949 591 270

273 614 666 678 Dulichiumque
703 616 950 677 Sameque
988 622 1036 662 et
1075 612 1274 662 Neritos
1309 614 1464 661 ardua
1499 611 1637 661 saxis.

271 696 531 759 effugimus
569 697 801 760 scopulos
841 697 1056 754 Ithacae,
1099 693 1295 743 Laertia
1330 710 1491 756 regna,

271 787 319 827 et
356 786 533 827 terram
569 777 791 827 altricem
828 776 960 825 saevi
998 792 1306 825 exsecramur
1343 774 1490 822 Vlixi.

269 876 386 908 mox
422 869 470 908 et
507 862 756 909 Leucatae
792 858 1022 907 nimbosa
1060 857 1320 906 cacumina
1355 855 1539 905 montis

269 949 318 989 et
355 940 647 989 formidatus
683 939 846 988 nautis
884 939 1098 1003 aperitur
1136 940 1332 1001 Apollo.
1867 953 1942 998 275

268 1023 403 1070 hunc
439 1022 654 1086 petimus
690 1021 805 1071 fessi
842 1030 891 1070 et
927 1038 1106 1084 parvae
1145 1019 1458 1069 succedimus
1494 1018 1635 1081 urbi3

267 1120 450 1152 ancora
486 1105 550 1153 de
586 1120 730 1167 prora
765 1102 951 1162 iacitur,
995 1110 1125 1151 stant
1162 1101 1303 1150 litore
1339 1117 1543 1164 puppes.

337 1187 470 1248 Ergo
506 1185 752 1248 insperata
789 1186 991 1234 tandem
1031 1186 1203 1233 tellure
1239 1183 1384 1245 potiti

266 1268 630 1330 lustramurque
668 1266 777 1315 Iovi
813 1266 1040 1329 votisque
1078 1264 1393 1314 incendimus
1429 1280 1548 1323 aras,

266 1347 513 1411 Actiaque
552 1347 715 1397 Iliacis
753 1348 1060 1397 celebramus
1099 1346 1240 1395 litora
1276 1346 1417 1395 ludis.
1463 1356 1465 1358 ’
1865 1355 1944 1396 280

267 1439 496 1479 exercent
531 1430 712 1493 patrias
749 1432 861 1479 oleo
898 1430 1097 1479 labente
1133 1431 1399 1492 palaestras

267 1511 442 1560 nudati
478 1511 629 1561 socii:
672 1512 806 1560 iuvat
843 1510 1054 1560 evasisse
1091 1519 1165 1560 tot
1201 1511 1347 1559 urbes

264 1593 520 1657 Argolicas
558 1593 851 1657 mediosque
888 1595 1054 1657 fugam
1092 1592 1309 1642 tenuisse
1345 1610 1431 1656 per
1467 1592 1635 1642 hostis.

264 1674 451 1724 interea
488 1692 723 1739 magnum
761 1677 834 1724 sol
873 1674 1271 1724 circumvolvitur
1306 1691 1494 1723 annum

264 1764 312 1804 et
347 1756 563 1819 glacialis
600 1757 759 1806 hiems
797 1756 1133 1820 Aquilonibus
1170 1765 1364 1819 asperat
1400 1758 1589 1806 undas:
1862 1765 1937 1817 285

262 1853 373 1886 aere
410 1855 533 1886 cavo
570 1838 800 1901 clipeum,
841 1838 1007 1901 magni
1044 1847 1298 1901 gestamen
1335 1838 1561 1898 Abantis,
1855 1846 1857 1848 ’

262 1918 487 1981 postibus
524 1920 740 1969 adversis
780 1922 878 1982 figo
916 1929 965 1967 et
1001 1937 1105 1968 rem
1144 1919 1361 1968 carmine
1398 1919 1571 1982 signo:

260 2006 498 2047 AENEAS
539 2007 701 2047 HAEC
744 2009 822 2047 DE
867 2008 1089 2048 DANAIS
1129 2008 1491 2049 VICTORIBVS
1533 2008 1718 2049 ARMA.

260 2074 482 2138 linquere
519 2085 625 2125 tum
662 2087 833 2140 portus
872 2077 1022 2127 iubeo
1062 2087 1110 2127 et
1149 2078 1408 2128 considere
1444 2078 1676 2127 transtris.

261 2157 481 2205 certatim
519 2157 640 2207 socii
678 2158 858 2207 feriunt
897 2177 1030 2208 mare
1068 2169 1116 2208 et
1152 2176 1370 2222 aequora
1404 2169 1614 2209 verrunt.
1857 2179 1937 2222 290

258 2237 481 2300 protinus
506 2239 659 2287 aerias
698 2241 981 2289 Phaeacum
1018 2241 1373 2290 abscondimus
1408 2257 1544 2289 arces

257 2318 499 2383 litoraque
537 2320 674 2383 Epiri
710 2321 918 2384 legimus
956 2331 1202 2385 portuque
1239 2322 1462 2371 subimus

259 2400 489 2450 Chaonio
526 2410 574 2450 et
612 2404 794 2450 celsam
834 2402 1064 2451 Buthroti
1101 2403 1385 2452 accedimus
1421 2404 1608 2452 urbem.

326 2481 427 2530 Hic
464 2482 766 2532 incredibilis
804 2501 965 2533 rerum
1003 2486 1135 2532 fama
1170 2493 1381 2547 occupat
1416 2484 1559 2543 auris,
1643 2499 1646 2502 ’

256 2563 538 2613 Priamiden
578 2567 835 2614 Helenum
875 2565 1046 2615 Graias
1083 2583 1284 2629 regnare
1320 2583 1406 2630 per
1441 2565 1575 2615 urbis
1851 2584 1928 2628 ²95

254 2649 486 2713 coniugio
523 2651 775 2699 Aeacidae
814 2653 985 2713 Pyrrhi
1022 2651 1325 2714 sceptrisque
1362 2650 1590 2714 potitum,

254 2739 303 2779 et
338 2731 496 2793 patrio
535 2733 927 2781 Andromachen
965 2731 1141 2781 iterum
1180 2731 1386 2780 cessisse
1422 2731 1610 2780 marito.

253 2811 471 2875 obstipui
510 2812 735 2876 miroque
773 2812 1032 2878 incensum
1067 2822 1241 2875 pectus
1277 2828 1445 2861 amore

308 2943 500 2991 267-298
521 2941 614 2980 MP
913 2943 991 2991 267
1023 2941 1207 2992 diripere
1239 2940 1349 2980 Mb¹c
1612 2940 1693 2978 268
1722 2937 1927 2991 fugimus]

254 2994 428 3034 ferimur
453 2996 542 3047 P27
654 3008 734 3046 292
765 3002 910 3046 portus
933 2997 982 3035 M
1148 3008 1230 3046 293
1261 2995 1477 3035 Chaonios
1497 2992 1566 3033 M²
1586 2994 1770 3046 agnoseit
1783 2993 1899 3034 Serv.
