2014 3372
221 143 275 190 P.
315 141 616 190 VERGILI
655 139 982 189 MARONIS

219 290 461 331 monstrat
497 280 601 340 iter,
641 296 841 343 quaque
878 278 1097 329 ostendit
1133 295 1185 328 se
1222 279 1404 337 dextra,
1446 292 1742 340 sequamur:

220 373 469 412 mutemus
506 362 693 426 clipeos
732 364 1066 424 Danaumque
1101 359 1312 423 insignia
1348 358 1493 408 nobis

218 453 458 507 aptemus.
534 445 680 493 dolus
716 461 781 492 an
816 442 982 502 virtus,
1022 442 1132 505 quis
1169 441 1220 489 in
1256 443 1399 490 hoste
1435 439 1688 503 requirat?

217 542 354 574 arma
390 526 584 575 dabunt
620 524 744 589 ipsi.'
816 524 886 573 sic
922 526 1050 573 fatus
1086 523 1270 573 deinde
1307 531 1590 571 comantem

218 608 490 671 Androgeo
527 609 721 671 galeam
757 606 1003 670 clipeique
1039 604 1231 669 insigne
1267 606 1506 654 decorum

216 687 437 737 induitur
473 688 712 752 laterique
748 687 987 751 Argivum
1022 687 1373 736 accommodat
1409 701 1592 734 ensem.

217 771 314 819 hoc
352 771 592 835 Rhipeus,
634 772 732 820 hoc
767 770 875 834 ipse
915 772 1103 832 Dymas
1140 768 1404 831 omnisque
1440 767 1670 815 iuventus

215 853 344 901 laeta
379 852 497 902 facit
521 873 550 902 ;Δ
580 852 749 917 spoliis
786 869 839 901 se
876 851 1087 915 quisque
1123 850 1406 900 recentibus
1442 857 1613 897 armat.

214 933 441 983 vadimus
479 934 690 983 immixti
728 933 916 982 Danais
953 934 1088 982 haud
1125 931 1331 980 numine
1368 939 1539 980 nostro

214 1017 471 1080 multaque
507 1034 595 1080 per
631 1033 832 1065 caecam
869 1014 1119 1078 congressi
1154 1013 1341 1077 proelia
1377 1021 1578 1061 noctem

214 1097 534 1157 conserimus,
576 1099 761 1147 multos
800 1099 1033 1145 Danaum
1070 1094 1377 1145 demittimus
1415 1095 1561 1144 Orco.

214 1178 481 1242 diffugiunt
516 1178 600 1227 alii
635 1180 701 1228 ad
738 1177 876 1227 navis
914 1186 963 1227 et
999 1177 1142 1226 litora
1178 1193 1324 1225 cursu

213 1260 314 1309 fida
350 1269 526 1324 petunt
543 1279 557 1322 3
604 1277 716 1323 pars
753 1259 1006 1323 ingentem
1042 1257 1307 1308 formidine
1343 1256 1473 1321 turpi

214 1344 461 1392 scandunt
498 1359 662 1391 rursus
700 1359 887 1406 equum
923 1350 972 1390 et
1008 1349 1128 1390 nota
1165 1341 1449 1390 conduntur
1484 1338 1536 1387 in
1572 1339 1697 1387 alvo.

283 1427 403 1473 Heu
441 1424 563 1472 nihil
600 1423 764 1472 invitis
802 1425 874 1472 fas
912 1439 1217 1486 quemquam
1255 1423 1408 1471 fidere
1444 1419 1604 1470 divis!

213 1523 331 1556 ecce
367 1507 653 1555 trahebatur
688 1505 844 1569 passis
882 1504 1125 1553 Priameia
1159 1503 1295 1567 virgo

214 1588 431 1637 crinibus
468 1605 497 1637 a
533 1589 721 1650 templo
759 1587 1040 1637 Cassandra
1076 1585 1337 1648 adytisque
1376 1583 1633 1633 Minervae

212 1672 279 1719 ad
316 1672 510 1719 caelum
547 1670 759 1718 tendens
795 1667 1020 1717 ardentia
1056 1667 1243 1716 lumina
1279 1669 1468 1726 frustra,

213 1751 414 1812 lumina,
455 1768 573 1800 nam
611 1760 803 1800 teneras
840 1750 1077 1799 arcebant
1112 1748 1310 1798 vincula
1345 1749 1549 1811 palmas.

214 1851 316 1883 non
354 1833 464 1882 tulit
500 1835 631 1881 hanc
667 1831 885 1895 speciem
923 1830 1098 1879 furiata
1135 1838 1302 1878 mente
1340 1829 1598 1879 Coroebus

214 1924 263 1964 et
300 1932 407 1964 sese
444 1914 667 1963 medium
704 1913 872 1962 iniecit
908 1912 1151 1975 periturus
1188 1911 1239 1959 in
1275 1927 1467 1974 agmen.

214 1996 567 2060 consequimur
604 1995 771 2044 cuncti
808 2004 856 2044 et
894 1993 1061 2043 densis
1099 1992 1392 2042 incurrimus
1428 1991 1588 2040 armis.

213 2078 295 2127 hic
331 2077 546 2142 primum
583 2094 643 2126 ex
678 2079 779 2125 alto
816 2075 1011 2125 delubri
1049 2074 1266 2123 culmine
1303 2073 1412 2123 telis

214 2168 495 2209 nostrorum
533 2157 788 2208 obruimur
825 2157 1078 2220 oriturque
1115 2155 1386 2204 miserrima
1423 2156 1603 2205 caedes

212 2257 462 2290 armorum
499 2239 623 2288 facie
660 2247 709 2288 et
747 2237 1006 2288 Graiarum
1044 2253 1204 2285 errore
1240 2236 1481 2285 iubarum.

212 2331 319 2371 tum
358 2321 522 2370 Danai
557 2320 744 2385 gemitu
780 2329 931 2382 atque
970 2327 1168 2381 ereptae
1203 2317 1401 2381 virginis
1436 2317 1507 2365 ira

212 2403 434 2466 undique
471 2401 666 2452 collecti
703 2401 960 2460 invadunt,
1000 2399 1267 2448 acerrimus
1303 2397 1431 2447 Aiax

211 2494 260 2534 et
296 2484 480 2548 gemini
515 2483 721 2532 Atridae
763 2485 1120 2546 Dolopumque
1157 2480 1397 2530 exercitus
1434 2480 1596 2529 omnis
1613 2498 1626 2540 ;

211 2566 404 2615 adversi
439 2574 585 2628 rupto
622 2582 714 2613 ceu
753 2566 1011 2628 quondam
1050 2562 1248 2612 turbine
1283 2561 1418 2610 venti

213 2646 496 2710 confligunt,
538 2648 891 2710 Zephyrusque
931 2649 1196 2708 Notusque
1233 2653 1281 2692 et
1317 2646 1473 2692 laetus
1512 2642 1630 2692 Eois

217 2731 378 2777 Eurus
415 2728 586 2792 equis3
637 2728 849 2778 stridunt
887 2728 1036 2777 silvae
1073 2727 1326 2789 saevitque
1363 2724 1564 2774 tridenti

1816 459 1898 499 390

1817 866 1896 909 395

1814 1276 1907 1317 400⁷

1812 1684 1893 1726 405
1904 1715 1907 1719 Α

1812 2092 1894 2132 410

1811 2489 1902 2541 415'

272 2861 464 2910 388-418
500 2859 591 2898 MP
793 2872 873 2910 392
902 2859 1122 2909 Androgei
1153 2858 1262 2897 codd.
1287 2858 1432 2898 Seru:
1478 2856 1550 2896 sed
1588 2857 1642 2895 vi.
1679 2866 1735 2894 20
1768 2868 1889 2907 gene-

216 2914 350 2954 tivum
371 2915 573 2955 Graecum
597 2918 801 2954 testantur
816 2914 931 2954 Serv.
950 2914 1194 2953 Priscianus
1216 2913 1429 2952 Charisius
1578 2910 1659 2960 396
1689 2909 1905 2961 immixtis

215 2967 283 3005 Ml
396 2971 567 3009 nomine
597 2969 717 3021 7¹a1:
751 2971 935 3009 momine
954 2968 1149 3021 proponit
1176 2967 1362 3006 Deuticke
1526 2967 1608 3015 398
1640 2964 1890 3007 dimittimus

213 3022 459 3076 MP7¹b1c1n
