2014 3372
1370 158 1732 206 AENEIDOS
1772 157 1848 207 IV

168 306 403 360 tempora,
444 294 554 362 quis
590 299 736 347 rebus
774 299 944 347 dexter
978 299 1172 347 modus.
1248 297 1387 347 ocius
1424 314 1598 347 omnes

167 378 374 442 imperio
409 379 525 428 laeti
559 388 734 443 parent
769 389 818 428 et
853 379 986 428 iussa
1020 381 1283 428 facessunt.
1767 399 1845 441 295

235 463 302 509 At
338 460 505 524 regina
540 462 683 510 dolos
722 459 854 526 (quis
890 463 1057 510 fallere
1093 460 1250 525 possit
1285 469 1537 509 amantem
1554 458 1608 526 Ρ)

166 541 449 603 praesensit,
490 551 756 605 motusque
791 541 984 605 excepit
1018 541 1179 606 prima
1213 544 1403 591 futuros

167 623 335 673 omnia
370 633 476 673 tuta
511 624 705 673 timens.
779 626 956 673 eadem
991 624 1147 688 impia
1183 628 1338 674 Fama
1371 624 1551 674 furenti

167 704 343 754 detulit
377 705 555 754 armari
590 708 800 755 classem
836 723 1137 769 cursumque
1172 705 1344 769 parari.

167 786 319 835 saevit
355 786 500 851 inops
535 786 690 836 animi
726 796 984 851 totamque
1019 787 1223 837 incensa
1259 805 1346 852 per
1381 789 1558 837 urbem
1767 808 1846 847 300

167 867 448 928 bacchatur,
488 868 646 932 qualis
684 868 949 918 commotis
986 869 1145 918 excita
1180 869 1329 918 sacris

166 949 364 1012 Thyias,
403 949 491 998 ubi
525 949 698 999 audito
735 949 990 999 stimulant
1024 950 1267 1000 trieterica
1304 952 1506 1000 Baccho

167 1031 301 1095 orgia
336 1041 709 1096 nocturnusque
745 1042 890 1081 vocat
926 1035 1142 1082 clamore
1179 1032 1462 1083 Cithaeron.

168 1114 370 1162 tandem
407 1113 483 1162 his
520 1116 727 1163 Aenean
765 1116 1032 1178 compellat
1067 1114 1275 1163 vocibus
1311 1115 1469 1163 ultro:

174 1194 509 1246 ‘dissimulare
546 1196 695 1244 etiam
732 1196 950 1258 sperasti,
990 1197 1192 1259 perfide,
1231 1204 1425 1244 tantum
1766 1215 1842 1257 305

166 1292 313 1339 posse
350 1279 487 1325 nefas
524 1277 802 1341 tacitusque
838 1295 949 1327 mea
985 1279 1228 1327 decedere
1263 1279 1425 1326 terra?

166 1374 259 1407 nec
296 1367 345 1407 te
380 1368 549 1408 noster
582 1376 722 1408 amor
756 1376 850 1408 nec
886 1369 935 1408 te
972 1362 1088 1409 data
1129 1361 1330 1409 dextera
1365 1361 1623 1423 quondam

168 1457 261 1488 nec
297 1440 532 1489 moritura
568 1450 704 1491 tenet
741 1441 928 1491 crudeli
964 1444 1135 1490 funere
1174 1441 1348 1490 Dido?

166 1520 296 1583 quin
324 1521 472 1570 etiam
509 1522 718 1571 hiberno
758 1522 943 1571 moliris
981 1522 1141 1571 sidere
1177 1525 1385 1571 classem

166 1611 214 1649 et
250 1602 426 1651 mediis
462 1620 695 1666 properas
732 1603 1067 1666 Aquilonibus
1103 1603 1173 1652 ire
1208 1621 1296 1667 per
1331 1605 1498 1664 altum,
1760 1625 1844 1665 310

167 1683 419 1733 crudelis?
467 1684 602 1748 quid,
643 1685 683 1734 si
719 1702 822 1734 non
858 1702 974 1734 arva
1008 1685 1171 1734 aliena
1207 1687 1486 1749 domosque

166 1764 356 1828 ignotas
394 1775 599 1828 peteres,
641 1776 689 1815 et
725 1766 876 1816 Troia
911 1766 1116 1830 antiqua
1153 1776 1386 1827 maneret,

166 1846 316 1896 Troia
352 1865 439 1911 per
475 1849 726 1897 undosum
763 1858 1011 1912 peteretur
1046 1848 1285 1898 classibus
1321 1852 1548 1913 aequor?

166 1945 311 1978 mene
348 1929 510 1992 fugis?
546 1947 633 1993 per
670 1947 760 1994 ego
797 1931 886 1978 has
922 1929 1148 1979 lacrimas
1184 1932 1507 1994 dextramque
1542 1940 1681 1980 tuam
1715 1940 1766 1982 te

166 2010 390 2075 (quando
428 2011 564 2060 aliud
602 2011 723 2059 mihi
761 2010 858 2059 iam
896 2011 1104 2060 miserae
1140 2011 1262 2059 nihil
1298 2011 1405 2075 ipsa
1441 2012 1650 2078 reliqui),
1762 2033 1839 2075 315

163 2107 250 2154 per
286 2091 502 2139 conubia
540 2100 718 2150 nostra,
759 2108 846 2154 per
881 2091 1106 2154 inceptos
1142 2093 1459 2154 hymenaeos,

164 2171 203 2219 si
239 2173 368 2221 bene
408 2172 528 2236 quid
567 2175 632 2222 de
670 2182 719 2222 te
757 2173 925 2233 merui,
967 2173 1058 2221 fuit
1093 2183 1178 2221 aut
1214 2173 1303 2222 tibi
1340 2174 1608 2238 quicquam

164 2253 310 2302 dulce
347 2271 528 2314 meum,
570 2254 800 2303 miserere
836 2256 1017 2303 domus
1052 2254 1263 2303 labentis
1300 2264 1349 2304 et
1384 2255 1543 2316 istam,

164 2351 265 2394 oro,
305 2334 345 2383 si
382 2336 492 2398 quis
531 2338 695 2385 adhuc
733 2335 962 2400 precibus
998 2338 1152 2395 locus,
1192 2353 1316 2385 exue
1351 2346 1584 2387 mentem.

163 2425 212 2464 te
247 2426 446 2480 propter
482 2417 700 2480 Libycae
735 2427 906 2481 gentes
944 2419 1343 2481 Nomadumque
1369 2419 1561 2481 tyranni
1760 2441 1838 2480 320

163 2499 325 2558 odere,
366 2498 544 2548 infensi
580 2499 747 2562 Tyrii,
794 2509 844 2549 te
879 2510 1078 2564 propter
1113 2502 1329 2549 eundem

163 2579 430 2628 exstinctus
466 2582 628 2643 pudor
664 2590 724 2640 et,
766 2598 865 2644 qua
900 2583 1006 2630 sola
1042 2580 1203 2630 sidera
1237 2581 1451 2642 adibam,

163 2662 294 2709 fama
329 2661 471 2724 prior.
545 2661 625 2710 cui
662 2679 742 2711 me
779 2662 1130 2711 moribundam
1167 2663 1621 2727 deseris,-—hospes

165 2744 283 2807 (hoc
320 2744 481 2791 solum
517 2759 702 2792 nomen
738 2744 975 2807 quoniam
1011 2746 1076 2793 de
1112 2744 1322 2808 coniuge
1358 2746 1568 2810 restat)?

219 2885 406 2923 294-301
449 2871 599 2922 FMP3
645 2884 834 2922 302-305
854 2872 1051 2922 AFMP3
1097 2873 1468 2925 306-310FMP3
1516 2886 1707 2924 311-324
1747 2873 1835 2914 MP

165 2938 245 2976 295
267 2927 329 2978 et]
351 2940 399 2966 ac
419 2926 513 2965 M²b
615 2939 696 2977 309
725 2928 863 2966 moliri
883 2927 984 2967 FPa
1087 2939 1168 2978 312
1190 2929 1254 2980 et]
1282 2929 1357 2968 sed
1377 2927 1434 2966 Pl
1452 2942 1461 2967 ε
1507 2931 1543 2968 si
1563 2943 1607 2968 m
1633 2928 1837 2982 Gis'thlz'ng

165 2993 247 3030 323
276 2981 520 3020 morituram
541 2981 784 3021 Priscianus
