<?xml version="1.0" encoding="UTF-8"?>
<!DOCTYPE html PUBLIC "-//W3C//DTD XHTML 1.0 Transitional//EN"
    "http://www.w3.org/TR/xhtml1/DTD/xhtml1-transitional.dtd">
<html xmlns="http://www.w3.org/1999/xhtml" xml:lang="en" lang="en">
 <head>
  <title>
</title>
<meta http-equiv="Content-Type" content="text/html;charset=utf-8" />
  <meta name='ocr-system' content='tesseract 3.04.00' />
  <meta name='ocr-capabilities' content='ocr_page ocr_carea ocr_par ocr_line ocrx_word'/>
</head>
<body>
  <div class='ocr_page' id='page_1' title='image "./operarecognovitb00virguoft_0421.png"; bbox 0 0 2014 3372; ppageno 0'>
   <div class='ocr_carea' id='block_1_1' title="bbox 1372 169 1848 220">
    <p class='ocr_par' dir='ltr' id='par_1_1' title="bbox 1372 169 1848 220">
     <span class='ocr_line' id='line_1_1' title="bbox 1372 169 1848 220; baseline 0.002 -3"><span class='ocrx_word' id='word_1_1' title='bbox 1372 169 1734 220; x_wconf 90' lang='lat' dir='ltr'><strong>AENEIDOS</strong></span> <span class='ocrx_word' id='word_1_2' title='bbox 1771 171 1848 218; x_wconf 95' lang='lat' dir='ltr'><strong>XI</strong></span> 
     </span>
    </p>
   </div>
   <div class='ocr_carea' id='block_1_2' title="bbox 147 307 1622 1507">
    <p class='ocr_par' dir='ltr' id='par_1_2' title="bbox 182 307 1264 371">
     <span class='ocr_line' id='line_1_2' title="bbox 182 307 1264 371; baseline -0.002 -14"><span class='ocrx_word' id='word_1_3' title='bbox 182 317 231 357; x_wconf 94' lang='lat' dir='ltr'><strong>et</strong></span> <span class='ocrx_word' id='word_1_4' title='bbox 269 307 406 358; x_wconf 89' lang='lat' dir='ltr'><strong>duxit</strong></span> <span class='ocrx_word' id='word_1_5' title='bbox 441 310 603 371; x_wconf 88' lang='lat' dir='ltr'><strong>longe,</strong></span> <span class='ocrx_word' id='word_1_6' title='bbox 641 309 804 357; x_wconf 93' lang='lat' dir='ltr'><strong>donec</strong></span> <span class='ocrx_word' id='word_1_7' title='bbox 841 316 1040 357; x_wconf 89' lang='lat' dir='ltr'><strong>curvata</strong></span> <span class='ocrx_word' id='word_1_8' title='bbox 1066 307 1264 356; x_wconf 75' lang='lat' dir='ltr'><strong>¹coirent</strong></span> 
     </span>
    </p>

    <p class='ocr_par' dir='ltr' id='par_1_3' title="bbox 183 387 1554 452">
     <span class='ocr_line' id='line_1_3' title="bbox 183 387 1554 452; baseline 0 -16"><span class='ocrx_word' id='word_1_9' title='bbox 183 388 310 437; x_wconf 92' lang='lat' dir='ltr'><strong>inter</strong></span> <span class='ocrx_word' id='word_1_10' title='bbox 344 407 397 438; x_wconf 91' lang='lat' dir='ltr'><strong>se</strong></span> <span class='ocrx_word' id='word_1_11' title='bbox 434 388 595 452; x_wconf 85' lang='lat' dir='ltr'><strong>capita</strong></span> <span class='ocrx_word' id='word_1_12' title='bbox 630 398 679 438; x_wconf 93' lang='lat' dir='ltr'><strong>et</strong></span> <span class='ocrx_word' id='word_1_13' title='bbox 715 388 945 437; x_wconf 89' lang='lat' dir='ltr'><strong>manibus</strong></span> <span class='ocrx_word' id='word_1_14' title='bbox 981 388 1080 438; x_wconf 91' lang='lat' dir='ltr'><strong>iam</strong></span> <span class='ocrx_word' id='word_1_15' title='bbox 1116 397 1336 451; x_wconf 90' lang='lat' dir='ltr'><strong>tangeret</strong></span> <span class='ocrx_word' id='word_1_16' title='bbox 1371 387 1554 451; x_wconf 84' lang='lat' dir='ltr'>aequis,</span> 
     </span>
    </p>

    <p class='ocr_par' dir='ltr' id='par_1_4' title="bbox 182 469 1451 532">
     <span class='ocr_line' id='line_1_4' title="bbox 182 469 1451 532; baseline 0 -14"><span class='ocrx_word' id='word_1_17' title='bbox 182 471 320 518; x_wconf 90' lang='lat' dir='ltr'><strong>laeva</strong></span> <span class='ocrx_word' id='word_1_18' title='bbox 354 469 513 518; x_wconf 82' lang='lat' dir='ltr'><strong>aciem</strong></span> <span class='ocrx_word' id='word_1_19' title='bbox 548 470 673 530; x_wconf 89' lang='lat' dir='ltr'><strong>ferri,</strong></span> <span class='ocrx_word' id='word_1_20' title='bbox 712 471 882 518; x_wconf 88' lang='lat' dir='ltr'><strong>dextra</strong></span> <span class='ocrx_word' id='word_1_21' title='bbox 917 486 1169 532; x_wconf 86' lang='lat' dir='ltr'><strong>nervoque</strong></span> <span class='ocrx_word' id='word_1_22' title='bbox 1203 469 1451 532; x_wconf 81' lang='lat' dir='ltr'>papillam.</span> 
     </span>
    </p>

    <p class='ocr_par' dir='ltr' id='par_1_5' title="bbox 180 550 1382 614">
     <span class='ocr_line' id='line_1_5' title="bbox 180 550 1382 614; baseline -0.001 -14"><span class='ocrx_word' id='word_1_23' title='bbox 180 553 432 614; x_wconf 86' lang='lat' dir='ltr'><strong>extemplo</strong></span> <span class='ocrx_word' id='word_1_24' title='bbox 467 551 551 600; x_wconf 89' lang='lat' dir='ltr'><strong>teli</strong></span> <span class='ocrx_word' id='word_1_25' title='bbox 587 551 847 600; x_wconf 91' lang='lat' dir='ltr'><strong>stridorem</strong></span> <span class='ocrx_word' id='word_1_26' title='bbox 882 567 1124 614; x_wconf 84' lang='lat' dir='ltr'><strong>aurasque</strong></span> <span class='ocrx_word' id='word_1_27' title='bbox 1160 550 1382 599; x_wconf 91' lang='lat' dir='ltr'><strong>sonantis</strong></span> 
     </span>
    </p>

    <p class='ocr_par' dir='ltr' id='par_1_6' title="bbox 182 631 1551 695">
     <span class='ocr_line' id='line_1_6' title="bbox 182 631 1551 695; baseline 0.001 -16"><span class='ocrx_word' id='word_1_28' title='bbox 182 631 340 680; x_wconf 84' lang='lat' dir='ltr'>audiit</span> <span class='ocrx_word' id='word_1_29' title='bbox 375 649 475 680; x_wconf 93' lang='lat' dir='ltr'><strong>una</strong></span> <span class='ocrx_word' id='word_1_30' title='bbox 508 635 697 680; x_wconf 89' lang='lat' dir='ltr'><strong>Arruns</strong></span> <span class='ocrx_word' id='word_1_31' title='bbox 733 631 991 694; x_wconf 85' lang='lat' dir='ltr'><strong>haesitque</strong></span> <span class='ocrx_word' id='word_1_32' title='bbox 1027 631 1079 680; x_wconf 89' lang='lat' dir='ltr'><strong>in</strong></span> <span class='ocrx_word' id='word_1_33' title='bbox 1116 648 1320 695; x_wconf 91' lang='lat' dir='ltr'><strong>corpore</strong></span> <span class='ocrx_word' id='word_1_34' title='bbox 1355 634 1551 680; x_wconf 88' lang='lat' dir='ltr'><strong>ferrum.</strong></span> 
     </span>
    </p>

    <p class='ocr_par' dir='ltr' id='par_1_7' title="bbox 182 713 1594 778">
     <span class='ocr_line' id='line_1_7' title="bbox 182 713 1594 778; baseline 0.001 -18"><span class='ocrx_word' id='word_1_35' title='bbox 182 713 321 761; x_wconf 86' lang='lat' dir='ltr'><strong>illum</strong></span> <span class='ocrx_word' id='word_1_36' title='bbox 358 713 686 777; x_wconf 84' lang='lat' dir='ltr'><strong>exspirantem</strong></span> <span class='ocrx_word' id='word_1_37' title='bbox 722 713 843 763; x_wconf 90' lang='lat' dir='ltr'><strong>socii</strong></span> <span class='ocrx_word' id='word_1_38' title='bbox 878 723 1029 777; x_wconf 92' lang='lat' dir='ltr'><strong>atque</strong></span> <span class='ocrx_word' id='word_1_39' title='bbox 1064 723 1280 762; x_wconf 88' lang='lat' dir='ltr'><strong>extrema</strong></span> <span class='ocrx_word' id='word_1_40' title='bbox 1315 724 1594 778; x_wconf 89' lang='lat' dir='ltr'><strong>gementem</strong></span> 
     </span>
    </p>

    <p class='ocr_par' dir='ltr' id='par_1_8' title="bbox 147 794 1480 858">
     <span class='ocr_line' id='line_1_8' title="bbox 147 794 1480 858; baseline -0.001 -14"><span class='ocrx_word' id='word_1_41' title='bbox 147 842 150 844; x_wconf 86' lang='grc'>,</span> <span class='ocrx_word' id='word_1_42' title='bbox 183 794 325 843; x_wconf 91' lang='lat' dir='ltr'><strong>obliti</strong></span> <span class='ocrx_word' id='word_1_43' title='bbox 361 795 531 857; x_wconf 90' lang='lat' dir='ltr'><strong>ignoto</strong></span> <span class='ocrx_word' id='word_1_44' title='bbox 567 812 858 857; x_wconf 91' lang='lat' dir='ltr'><strong>camporum</strong></span> <span class='ocrx_word' id='word_1_45' title='bbox 893 794 945 843; x_wconf 93' lang='lat' dir='ltr'><strong>in</strong></span> <span class='ocrx_word' id='word_1_46' title='bbox 981 797 1182 858; x_wconf 86' lang='lat' dir='ltr'><strong>pulvere</strong></span> <span class='ocrx_word' id='word_1_47' title='bbox 1217 795 1449 858; x_wconf 91' lang='lat' dir='ltr'><strong>linquunt</strong></span> <span class='ocrx_word' id='word_1_48' title='bbox 1466 813 1480 855; x_wconf 81' lang='lat'>3</span> 
     </span>
    </p>

    <p class='ocr_par' dir='ltr' id='par_1_9' title="bbox 184 875 1588 1019">
     <span class='ocr_line' id='line_1_9' title="bbox 184 875 1503 939; baseline 0 -15"><span class='ocrx_word' id='word_1_49' title='bbox 184 875 307 938; x_wconf 91' lang='lat' dir='ltr'><strong>Opis</strong></span> <span class='ocrx_word' id='word_1_50' title='bbox 344 877 408 924; x_wconf 93' lang='lat' dir='ltr'><strong>ad</strong></span> <span class='ocrx_word' id='word_1_51' title='bbox 444 875 718 924; x_wconf 88' lang='lat' dir='ltr'><strong>aetherium</strong></span> <span class='ocrx_word' id='word_1_52' title='bbox 754 875 931 938; x_wconf 89' lang='lat' dir='ltr'><strong>pennis</strong></span> <span class='ocrx_word' id='word_1_53' title='bbox 967 877 1183 924; x_wconf 83' lang='lat' dir='ltr'><strong>aufertur</strong></span> <span class='ocrx_word' id='word_1_54' title='bbox 1219 877 1503 939; x_wconf 87' lang='lat' dir='ltr'><strong>Olympum.</strong></span> 
     </span>
     <span class='ocr_line' id='line_1_10' title="bbox 252 955 1588 1019; baseline 0.001 -16"><span class='ocrx_word' id='word_1_55' title='bbox 252 955 416 1004; x_wconf 92' lang='lat' dir='ltr'><strong>Prima</strong></span> <span class='ocrx_word' id='word_1_56' title='bbox 451 956 572 1019; x_wconf 85' lang='lat' dir='ltr'><strong>fugit</strong></span> <span class='ocrx_word' id='word_1_57' title='bbox 608 955 813 1005; x_wconf 92' lang='lat' dir='ltr'><strong>domina</strong></span> <span class='ocrx_word' id='word_1_58' title='bbox 847 955 1029 1004; x_wconf 90' lang='lat' dir='ltr'><strong>amissa</strong></span> <span class='ocrx_word' id='word_1_59' title='bbox 1065 956 1183 1004; x_wconf 89' lang='lat' dir='ltr'><strong>levis</strong></span> <span class='ocrx_word' id='word_1_60' title='bbox 1219 958 1298 1004; x_wconf 88' lang='lat' dir='ltr'><strong>ala</strong></span> <span class='ocrx_word' id='word_1_61' title='bbox 1334 956 1588 1016; x_wconf 88' lang='lat' dir='ltr'><strong>Camillae,</strong></span> 
     </span>
    </p>

    <p class='ocr_par' dir='ltr' id='par_1_10' title="bbox 182 1036 1348 1100">
     <span class='ocr_line' id='line_1_11' title="bbox 182 1036 1348 1100; baseline 0.001 -16"><span class='ocrx_word' id='word_1_62' title='bbox 182 1036 363 1084; x_wconf 90' lang='lat' dir='ltr'><strong>turbati</strong></span> <span class='ocrx_word' id='word_1_63' title='bbox 399 1036 592 1099; x_wconf 90' lang='lat' dir='ltr'><strong>fugiunt</strong></span> <span class='ocrx_word' id='word_1_64' title='bbox 630 1036 816 1096; x_wconf 90' lang='lat' dir='ltr'><strong>Rutuli,</strong></span> <span class='ocrx_word' id='word_1_65' title='bbox 856 1036 978 1100; x_wconf 89' lang='lat' dir='ltr'><strong>fugit</strong></span> <span class='ocrx_word' id='word_1_66' title='bbox 1013 1054 1125 1085; x_wconf 92' lang='lat' dir='ltr'><strong>acer</strong></span> <span class='ocrx_word' id='word_1_67' title='bbox 1160 1036 1348 1097; x_wconf 90' lang='lat' dir='ltr'><strong>Atinas,</strong></span> 
     </span>
    </p>

    <p class='ocr_par' dir='ltr' id='par_1_11' title="bbox 182 1116 1254 1180">
     <span class='ocr_line' id='line_1_12' title="bbox 182 1116 1254 1180; baseline 0 -15"><span class='ocrx_word' id='word_1_68' title='bbox 182 1116 475 1180; x_wconf 87' lang='lat' dir='ltr'><strong>disiectique</strong></span> <span class='ocrx_word' id='word_1_69' title='bbox 510 1119 663 1167; x_wconf 91' lang='lat' dir='ltr'><strong>duces</strong></span> <span class='ocrx_word' id='word_1_70' title='bbox 700 1117 1011 1180; x_wconf 85' lang='lat' dir='ltr'><strong>desolatique</strong></span> <span class='ocrx_word' id='word_1_71' title='bbox 1048 1117 1254 1180; x_wconf 90' lang='lat' dir='ltr'><strong>manipli</strong></span> 
     </span>
    </p>

    <p class='ocr_par' dir='ltr' id='par_1_12' title="bbox 182 1198 1544 1261">
     <span class='ocr_line' id='line_1_13' title="bbox 182 1198 1544 1261; baseline 0.001 -15"><span class='ocrx_word' id='word_1_72' title='bbox 182 1207 287 1247; x_wconf 92' lang='lat' dir='ltr'><strong>tuta</strong></span> <span class='ocrx_word' id='word_1_73' title='bbox 322 1208 498 1261; x_wconf 89' lang='lat' dir='ltr'><strong>petunt</strong></span> <span class='ocrx_word' id='word_1_74' title='bbox 534 1208 582 1247; x_wconf 89' lang='lat' dir='ltr'><strong>et</strong></span> <span class='ocrx_word' id='word_1_75' title='bbox 618 1198 757 1261; x_wconf 92' lang='lat' dir='ltr'><strong>equis</strong></span> <span class='ocrx_word' id='word_1_76' title='bbox 793 1198 950 1247; x_wconf 90' lang='lat' dir='ltr'><strong>aversi</strong></span> <span class='ocrx_word' id='word_1_77' title='bbox 984 1201 1050 1248; x_wconf 91' lang='lat' dir='ltr'><strong>ad</strong></span> <span class='ocrx_word' id='word_1_78' title='bbox 1086 1198 1284 1248; x_wconf 91' lang='lat' dir='ltr'><strong>moenia</strong></span> <span class='ocrx_word' id='word_1_79' title='bbox 1319 1200 1544 1248; x_wconf 85' lang='lat' dir='ltr'><strong>tendunt.</strong></span> 
     </span>
    </p>

    <p class='ocr_par' dir='ltr' id='par_1_13' title="bbox 182 1280 1622 1344">
     <span class='ocr_line' id='line_1_14' title="bbox 182 1280 1622 1344; baseline 0.001 -16"><span class='ocrx_word' id='word_1_80' title='bbox 182 1297 274 1329; x_wconf 92' lang='lat' dir='ltr'><strong>nec</strong></span> <span class='ocrx_word' id='word_1_81' title='bbox 312 1280 575 1343; x_wconf 89' lang='lat' dir='ltr'><strong>quisquam</strong></span> <span class='ocrx_word' id='word_1_82' title='bbox 612 1280 838 1329; x_wconf 90' lang='lat' dir='ltr'><strong>instantis</strong></span> <span class='ocrx_word' id='word_1_83' title='bbox 875 1283 1096 1330; x_wconf 90' lang='lat' dir='ltr'><strong>Teucros</strong></span> <span class='ocrx_word' id='word_1_84' title='bbox 1132 1283 1387 1344; x_wconf 89' lang='lat' dir='ltr'><strong>letumque</strong></span> <span class='ocrx_word' id='word_1_85' title='bbox 1423 1281 1622 1330; x_wconf 91' lang='lat' dir='ltr'><strong>ferentis</strong></span> 
     </span>
    </p>

    <p class='ocr_par' dir='ltr' id='par_1_14' title="bbox 181 1362 1313 1422">
     <span class='ocr_line' id='line_1_15' title="bbox 181 1362 1313 1422; baseline 0 -11"><span class='ocrx_word' id='word_1_86' title='bbox 181 1371 455 1411; x_wconf 88' lang='lat' dir='ltr'><strong>sustentare</strong></span> <span class='ocrx_word' id='word_1_87' title='bbox 491 1364 619 1411; x_wconf 88' lang='lat' dir='ltr'><strong>valet</strong></span> <span class='ocrx_word' id='word_1_88' title='bbox 655 1362 763 1411; x_wconf 90' lang='lat' dir='ltr'><strong>telis</strong></span> <span class='ocrx_word' id='word_1_89' title='bbox 800 1372 885 1411; x_wconf 93' lang='lat' dir='ltr'><strong>aut</strong></span> <span class='ocrx_word' id='word_1_90' title='bbox 922 1362 1091 1412; x_wconf 89' lang='lat' dir='ltr'><strong>sistere</strong></span> <span class='ocrx_word' id='word_1_91' title='bbox 1127 1373 1313 1422; x_wconf 89' lang='lat' dir='ltr'><strong>contra,</strong></span> 
     </span>
    </p>

    <p class='ocr_par' dir='ltr' id='par_1_15' title="bbox 182 1444 1488 1507">
     <span class='ocr_line' id='line_1_16' title="bbox 182 1444 1488 1507; baseline -0.001 -14"><span class='ocrx_word' id='word_1_92' title='bbox 182 1446 270 1493; x_wconf 91' lang='lat' dir='ltr'><strong>sed</strong></span> <span class='ocrx_word' id='word_1_93' title='bbox 307 1446 441 1492; x_wconf 88' lang='lat' dir='ltr'><strong>laxos</strong></span> <span class='ocrx_word' id='word_1_94' title='bbox 478 1446 693 1493; x_wconf 91' lang='lat' dir='ltr'><strong>referunt</strong></span> <span class='ocrx_word' id='word_1_95' title='bbox 728 1444 910 1493; x_wconf 90' lang='lat' dir='ltr'><strong>umeris</strong></span> <span class='ocrx_word' id='word_1_96' title='bbox 946 1444 1294 1507; x_wconf 87' lang='lat' dir='ltr'><strong>languentibus</strong></span> <span class='ocrx_word' id='word_1_97' title='bbox 1329 1461 1488 1504; x_wconf 85' lang='lat' dir='ltr'><strong>arcus,</strong></span> 
     </span>
    </p>
   </div>
   <div class='ocr_carea' id='block_1_3' title="bbox 182 1524 1699 1589">
    <p class='ocr_par' dir='ltr' id='par_1_16' title="bbox 182 1524 1699 1589">
     <span class='ocr_line' id='line_1_17' title="bbox 182 1524 1699 1589; baseline 0 -16"><span class='ocrx_word' id='word_1_98' title='bbox 182 1525 645 1589; x_wconf 88' lang='lat' dir='ltr'><strong>quadripedumque</strong></span> <span class='ocrx_word' id='word_1_99' title='bbox 670 1534 865 1587; x_wconf 92' lang='lat' dir='ltr'><strong>putrem</strong></span> <span class='ocrx_word' id='word_1_100' title='bbox 891 1541 1035 1574; x_wconf 91' lang='lat' dir='ltr'><strong>cursu</strong></span> <span class='ocrx_word' id='word_1_101' title='bbox 1062 1524 1220 1587; x_wconf 91' lang='lat' dir='ltr'><strong>quatit</strong></span> <span class='ocrx_word' id='word_1_102' title='bbox 1244 1527 1428 1587; x_wconf 90' lang='lat' dir='ltr'><strong>ungula</strong></span> <span class='ocrx_word' id='word_1_103' title='bbox 1453 1541 1699 1589; x_wconf 91' lang='lat' dir='ltr'><strong>campum.</strong></span> 
     </span>
    </p>
   </div>
   <div class='ocr_carea' id='block_1_4' title="bbox 182 1604 1661 2878">
    <p class='ocr_par' dir='ltr' id='par_1_17' title="bbox 182 1604 1343 1668">
     <span class='ocr_line' id='line_1_18' title="bbox 182 1604 1343 1668; baseline -0.003 -13"><span class='ocrx_word' id='word_1_104' title='bbox 182 1606 392 1655; x_wconf 91' lang='lat' dir='ltr'><strong>volvitur</strong></span> <span class='ocrx_word' id='word_1_105' title='bbox 428 1607 493 1654; x_wconf 91' lang='lat' dir='ltr'><strong>ad</strong></span> <span class='ocrx_word' id='word_1_106' title='bbox 530 1622 695 1654; x_wconf 89' lang='lat' dir='ltr'><strong>muros</strong></span> <span class='ocrx_word' id='word_1_107' title='bbox 733 1605 942 1668; x_wconf 88' lang='lat' dir='ltr'><strong>caligine</strong></span> <span class='ocrx_word' id='word_1_108' title='bbox 978 1604 1204 1654; x_wconf 88' lang='lat' dir='ltr'><strong>turbidus</strong></span> <span class='ocrx_word' id='word_1_109' title='bbox 1240 1614 1343 1653; x_wconf 91' lang='lat' dir='ltr'><strong>atra</strong></span> 
     </span>
    </p>

    <p class='ocr_par' dir='ltr' id='par_1_18' title="bbox 182 1686 1505 1816">
     <span class='ocr_line' id='line_1_19' title="bbox 182 1686 1505 1751; baseline -0.001 -16"><span class='ocrx_word' id='word_1_110' title='bbox 182 1687 354 1751; x_wconf 92' lang='lat' dir='ltr'><strong>pulvis,</strong></span> <span class='ocrx_word' id='word_1_111' title='bbox 396 1696 444 1735; x_wconf 92' lang='lat' dir='ltr'><strong>et</strong></span> <span class='ocrx_word' id='word_1_112' title='bbox 481 1704 507 1735; x_wconf 91' lang='lat' dir='ltr'><strong>e</strong></span> <span class='ocrx_word' id='word_1_113' title='bbox 544 1686 756 1750; x_wconf 85' lang='lat' dir='ltr'><strong>speculis</strong></span> <span class='ocrx_word' id='word_1_114' title='bbox 793 1703 1053 1750; x_wconf 84' lang='lat' dir='ltr'><strong>percussae</strong></span> <span class='ocrx_word' id='word_1_115' title='bbox 1089 1695 1292 1750; x_wconf 89' lang='lat' dir='ltr'><strong>pectora</strong></span> <span class='ocrx_word' id='word_1_116' title='bbox 1326 1695 1505 1735; x_wconf 88' lang='lat' dir='ltr'><strong>matres</strong></span> 
     </span>
     <span class='ocr_line' id='line_1_20' title="bbox 182 1766 1447 1816; baseline -0.001 -1"><span class='ocrx_word' id='word_1_117' title='bbox 182 1768 454 1816; x_wconf 84' lang='lat' dir='ltr'><strong>femineum</strong></span> <span class='ocrx_word' id='word_1_118' title='bbox 490 1769 760 1815; x_wconf 91' lang='lat' dir='ltr'><strong>clamorem</strong></span> <span class='ocrx_word' id='word_1_119' title='bbox 796 1768 861 1815; x_wconf 91' lang='lat' dir='ltr'><strong>ad</strong></span> <span class='ocrx_word' id='word_1_120' title='bbox 899 1767 1022 1815; x_wconf 92' lang='lat' dir='ltr'><strong>caeli</strong></span> <span class='ocrx_word' id='word_1_121' title='bbox 1058 1766 1219 1815; x_wconf 88' lang='lat' dir='ltr'><strong>sidera</strong></span> <span class='ocrx_word' id='word_1_122' title='bbox 1254 1768 1447 1815; x_wconf 91' lang='lat' dir='ltr'><strong>tollunt.</strong></span> 
     </span>
    </p>

    <p class='ocr_par' dir='ltr' id='par_1_19' title="bbox 184 1847 1360 1911">
     <span class='ocr_line' id='line_1_21' title="bbox 184 1847 1360 1911; baseline -0.001 -15"><span class='ocrx_word' id='word_1_123' title='bbox 184 1848 269 1911; x_wconf 92' lang='lat' dir='ltr'><strong>qui</strong></span> <span class='ocrx_word' id='word_1_124' title='bbox 305 1865 449 1896; x_wconf 89' lang='lat' dir='ltr'><strong>cursu</strong></span> <span class='ocrx_word' id='word_1_125' title='bbox 486 1857 650 1910; x_wconf 91' lang='lat' dir='ltr'><strong>portas</strong></span> <span class='ocrx_word' id='word_1_126' title='bbox 687 1847 833 1911; x_wconf 89' lang='lat' dir='ltr'><strong>primi</strong></span> <span class='ocrx_word' id='word_1_127' title='bbox 869 1847 1096 1910; x_wconf 92' lang='lat' dir='ltr'><strong>inrupere</strong></span> <span class='ocrx_word' id='word_1_128' title='bbox 1133 1847 1360 1910; x_wconf 89' lang='lat' dir='ltr'><strong>patentis,</strong></span> 
     </span>
    </p>

    <p class='ocr_par' dir='ltr' id='par_1_20' title="bbox 184 1928 1661 2638">
     <span class='ocr_line' id='line_1_22' title="bbox 184 1928 1528 1991; baseline 0 -14"><span class='ocrx_word' id='word_1_129' title='bbox 184 1931 276 1978; x_wconf 94' lang='lat' dir='ltr'><strong>hos</strong></span> <span class='ocrx_word' id='word_1_130' title='bbox 312 1928 512 1977; x_wconf 90' lang='lat' dir='ltr'><strong>inimica</strong></span> <span class='ocrx_word' id='word_1_131' title='bbox 549 1945 695 1991; x_wconf 92' lang='lat' dir='ltr'><strong>super</strong></span> <span class='ocrx_word' id='word_1_132' title='bbox 731 1928 884 1977; x_wconf 92' lang='lat' dir='ltr'><strong>mixto</strong></span> <span class='ocrx_word' id='word_1_133' title='bbox 921 1928 1099 1991; x_wconf 88' lang='lat' dir='ltr'><strong>premit</strong></span> <span class='ocrx_word' id='word_1_134' title='bbox 1137 1928 1334 1990; x_wconf 87' lang='lat' dir='ltr'><strong>agmine</strong></span> <span class='ocrx_word' id='word_1_135' title='bbox 1370 1929 1528 1989; x_wconf 86' lang='lat' dir='ltr'><strong>turba,</strong></span> 
     </span>
     <span class='ocr_line' id='line_1_23' title="bbox 184 2008 1661 2072; baseline 0.001 -15"><span class='ocrx_word' id='word_1_136' title='bbox 184 2026 277 2058; x_wconf 91' lang='lat' dir='ltr'><strong>nec</strong></span> <span class='ocrx_word' id='word_1_137' title='bbox 314 2009 542 2058; x_wconf 90' lang='lat' dir='ltr'><strong>miseram</strong></span> <span class='ocrx_word' id='word_1_138' title='bbox 580 2009 819 2071; x_wconf 87' lang='lat' dir='ltr'><strong>effugiunt</strong></span> <span class='ocrx_word' id='word_1_139' title='bbox 857 2018 1082 2068; x_wconf 89' lang='lat' dir='ltr'><strong>mortem,</strong></span> <span class='ocrx_word' id='word_1_140' title='bbox 1122 2010 1210 2057; x_wconf 91' lang='lat' dir='ltr'><strong>sed</strong></span> <span class='ocrx_word' id='word_1_141' title='bbox 1246 2008 1416 2058; x_wconf 87' lang='lat' dir='ltr'><strong>limine</strong></span> <span class='ocrx_word' id='word_1_142' title='bbox 1452 2009 1503 2057; x_wconf 91' lang='lat' dir='ltr'><strong>in</strong></span> <span class='ocrx_word' id='word_1_143' title='bbox 1539 2009 1661 2072; x_wconf 91' lang='lat' dir='ltr'><strong>ipso,</strong></span> 
     </span>
     <span class='ocr_line' id='line_1_24' title="bbox 185 2089 1525 2152; baseline 0 -14"><span class='ocrx_word' id='word_1_144' title='bbox 185 2090 447 2138; x_wconf 89' lang='lat' dir='ltr'><strong>moenibus</strong></span> <span class='ocrx_word' id='word_1_145' title='bbox 483 2090 534 2137; x_wconf 93' lang='lat' dir='ltr'><strong>in</strong></span> <span class='ocrx_word' id='word_1_146' title='bbox 570 2089 736 2152; x_wconf 90' lang='lat' dir='ltr'><strong>patriis</strong></span> <span class='ocrx_word' id='word_1_147' title='bbox 773 2099 922 2152; x_wconf 91' lang='lat' dir='ltr'><strong>atque</strong></span> <span class='ocrx_word' id='word_1_148' title='bbox 958 2090 1084 2138; x_wconf 87' lang='lat' dir='ltr'><strong>inter</strong></span> <span class='ocrx_word' id='word_1_149' title='bbox 1120 2099 1226 2138; x_wconf 92' lang='lat' dir='ltr'><strong>tuta</strong></span> <span class='ocrx_word' id='word_1_150' title='bbox 1260 2092 1525 2139; x_wconf 91' lang='lat' dir='ltr'><strong>domorum</strong></span> 
     </span>
     <span class='ocr_line' id='line_1_25' title="bbox 185 2170 1555 2234; baseline 0.001 -16"><span class='ocrx_word' id='word_1_151' title='bbox 185 2170 366 2219; x_wconf 89' lang='lat' dir='ltr'><strong>confixi</strong></span> <span class='ocrx_word' id='word_1_152' title='bbox 403 2171 648 2233; x_wconf 88' lang='lat' dir='ltr'><strong>exspirant</strong></span> <span class='ocrx_word' id='word_1_153' title='bbox 685 2170 888 2219; x_wconf 91' lang='lat' dir='ltr'><strong>animas.</strong></span> <span class='ocrx_word' id='word_1_154' title='bbox 963 2187 1073 2234; x_wconf 88' lang='lat' dir='ltr'><strong>pars</strong></span> <span class='ocrx_word' id='word_1_155' title='bbox 1110 2172 1340 2219; x_wconf 91' lang='lat' dir='ltr'><strong>claudere</strong></span> <span class='ocrx_word' id='word_1_156' title='bbox 1376 2180 1555 2233; x_wconf 91' lang='lat' dir='ltr'><strong>portas,</strong></span> 
     </span>
     <span class='ocr_line' id='line_1_26' title="bbox 186 2251 1501 2314; baseline -0.001 -15"><span class='ocrx_word' id='word_1_157' title='bbox 186 2268 277 2300; x_wconf 91' lang='lat' dir='ltr'><strong>nec</strong></span> <span class='ocrx_word' id='word_1_158' title='bbox 315 2251 459 2300; x_wconf 92' lang='lat' dir='ltr'><strong>sociis</strong></span> <span class='ocrx_word' id='word_1_159' title='bbox 496 2251 683 2314; x_wconf 89' lang='lat' dir='ltr'><strong>aperire</strong></span> <span class='ocrx_word' id='word_1_160' title='bbox 719 2251 849 2299; x_wconf 92' lang='lat' dir='ltr'><strong>viam</strong></span> <span class='ocrx_word' id='word_1_161' title='bbox 886 2268 979 2299; x_wconf 86' lang='lat' dir='ltr'><strong>nec</strong></span> <span class='ocrx_word' id='word_1_162' title='bbox 1016 2251 1279 2300; x_wconf 90' lang='lat' dir='ltr'><strong>moenibus</strong></span> <span class='ocrx_word' id='word_1_163' title='bbox 1314 2253 1501 2300; x_wconf 93' lang='lat' dir='ltr'><strong>audent</strong></span> 
     </span>
     <span class='ocr_line' id='line_1_27' title="bbox 184 2331 1454 2395; baseline 0 -15"><span class='ocrx_word' id='word_1_164' title='bbox 184 2331 407 2395; x_wconf 90' lang='lat' dir='ltr'><strong>accipere</strong></span> <span class='ocrx_word' id='word_1_165' title='bbox 444 2332 641 2392; x_wconf 90' lang='lat' dir='ltr'><strong>orantis,</strong></span> <span class='ocrx_word' id='word_1_166' title='bbox 682 2332 933 2395; x_wconf 90' lang='lat' dir='ltr'><strong>oriturque</strong></span> <span class='ocrx_word' id='word_1_167' title='bbox 970 2331 1240 2381; x_wconf 91' lang='lat' dir='ltr'><strong>miserrima</strong></span> <span class='ocrx_word' id='word_1_168' title='bbox 1275 2333 1454 2380; x_wconf 90' lang='lat' dir='ltr'><strong>caedes</strong></span> 
     </span>
     <span class='ocr_line' id='line_1_28' title="bbox 185 2413 1564 2476; baseline -0.001 -14"><span class='ocrx_word' id='word_1_169' title='bbox 185 2415 544 2462; x_wconf 88' lang='lat' dir='ltr'><strong>defendentum</strong></span> <span class='ocrx_word' id='word_1_170' title='bbox 580 2413 727 2462; x_wconf 90' lang='lat' dir='ltr'><strong>armis</strong></span> <span class='ocrx_word' id='word_1_171' title='bbox 763 2413 927 2462; x_wconf 89' lang='lat' dir='ltr'><strong>aditus</strong></span> <span class='ocrx_word' id='word_1_172' title='bbox 965 2413 1115 2476; x_wconf 91' lang='lat' dir='ltr'><strong>inque</strong></span> <span class='ocrx_word' id='word_1_173' title='bbox 1150 2429 1287 2461; x_wconf 92' lang='lat' dir='ltr'><strong>arma</strong></span> <span class='ocrx_word' id='word_1_174' title='bbox 1321 2422 1564 2461; x_wconf 90' lang='lat' dir='ltr'><strong>ruentum.</strong></span> 
     </span>
     <span class='ocr_line' id='line_1_29' title="bbox 186 2492 1628 2557; baseline 0 -16"><span class='ocrx_word' id='word_1_175' title='bbox 186 2492 370 2542; x_wconf 89' lang='lat' dir='ltr'><strong>exclusi</strong></span> <span class='ocrx_word' id='word_1_176' title='bbox 405 2502 520 2542; x_wconf 91' lang='lat' dir='ltr'><strong>ante</strong></span> <span class='ocrx_word' id='word_1_177' title='bbox 557 2495 729 2542; x_wconf 90' lang='lat' dir='ltr'><strong>oculos</strong></span> <span class='ocrx_word' id='word_1_178' title='bbox 766 2493 1211 2556; x_wconf 90' lang='lat' dir='ltr'><strong>lacrimantumque</strong></span> <span class='ocrx_word' id='word_1_179' title='bbox 1248 2510 1333 2542; x_wconf 91' lang='lat' dir='ltr'><strong>ora</strong></span> <span class='ocrx_word' id='word_1_180' title='bbox 1367 2502 1628 2557; x_wconf 89' lang='lat' dir='ltr'><strong>parentum</strong></span> 
     </span>
     <span class='ocr_line' id='line_1_30' title="bbox 186 2575 1312 2638; baseline 0 -15"><span class='ocrx_word' id='word_1_181' title='bbox 186 2592 297 2638; x_wconf 91' lang='lat' dir='ltr'><strong>pars</strong></span> <span class='ocrx_word' id='word_1_182' title='bbox 334 2575 385 2622; x_wconf 92' lang='lat' dir='ltr'><strong>in</strong></span> <span class='ocrx_word' id='word_1_183' title='bbox 421 2575 700 2638; x_wconf 87' lang='lat' dir='ltr'><strong>praecipitis</strong></span> <span class='ocrx_word' id='word_1_184' title='bbox 738 2577 893 2624; x_wconf 90' lang='lat' dir='ltr'><strong>fossas</strong></span> <span class='ocrx_word' id='word_1_185' title='bbox 931 2584 1135 2638; x_wconf 90' lang='lat' dir='ltr'><strong>urgente</strong></span> <span class='ocrx_word' id='word_1_186' title='bbox 1172 2575 1312 2624; x_wconf 90' lang='lat' dir='ltr'><strong>ruina</strong></span> 
     </span>
    </p>

    <p class='ocr_par' dir='ltr' id='par_1_21' title="bbox 187 2655 1516 2799">
     <span class='ocr_line' id='line_1_31' title="bbox 187 2655 1516 2719; baseline 0 -16"><span class='ocrx_word' id='word_1_187' title='bbox 187 2655 408 2715; x_wconf 90' lang='lat' dir='ltr'><strong>volvitur,</strong></span> <span class='ocrx_word' id='word_1_188' title='bbox 449 2655 681 2705; x_wconf 90' lang='lat' dir='ltr'><strong>immissis</strong></span> <span class='ocrx_word' id='word_1_189' title='bbox 717 2673 829 2719; x_wconf 91' lang='lat' dir='ltr'><strong>pars</strong></span> <span class='ocrx_word' id='word_1_190' title='bbox 867 2673 1015 2704; x_wconf 90' lang='lat' dir='ltr'><strong>caeca</strong></span> <span class='ocrx_word' id='word_1_191' title='bbox 1051 2665 1099 2705; x_wconf 91' lang='lat' dir='ltr'><strong>et</strong></span> <span class='ocrx_word' id='word_1_192' title='bbox 1136 2656 1332 2705; x_wconf 91' lang='lat' dir='ltr'><strong>concita</strong></span> <span class='ocrx_word' id='word_1_193' title='bbox 1368 2655 1516 2705; x_wconf 89' lang='lat' dir='ltr'><strong>frenis</strong></span> 
     </span>
     <span class='ocr_line' id='line_1_32' title="bbox 187 2735 1305 2799; baseline 0.001 -16"><span class='ocrx_word' id='word_1_194' title='bbox 187 2735 358 2784; x_wconf 89' lang='lat' dir='ltr'><strong>arietat</strong></span> <span class='ocrx_word' id='word_1_195' title='bbox 395 2735 446 2783; x_wconf 92' lang='lat' dir='ltr'><strong>in</strong></span> <span class='ocrx_word' id='word_1_196' title='bbox 481 2745 646 2798; x_wconf 92' lang='lat' dir='ltr'><strong>portas</strong></span> <span class='ocrx_word' id='word_1_197' title='bbox 684 2745 732 2785; x_wconf 92' lang='lat' dir='ltr'><strong>et</strong></span> <span class='ocrx_word' id='word_1_198' title='bbox 768 2738 918 2785; x_wconf 92' lang='lat' dir='ltr'><strong>duros</strong></span> <span class='ocrx_word' id='word_1_199' title='bbox 955 2736 1100 2785; x_wconf 87' lang='lat' dir='ltr'><strong>obice</strong></span> <span class='ocrx_word' id='word_1_200' title='bbox 1136 2737 1305 2799; x_wconf 89' lang='lat' dir='ltr'><strong>postis.</strong></span> 
     </span>
    </p>

    <p class='ocr_par' dir='ltr' id='par_1_22' title="bbox 188 2815 1368 2878">
     <span class='ocr_line' id='line_1_33' title="bbox 188 2815 1368 2878; baseline 0.002 -15"><span class='ocrx_word' id='word_1_201' title='bbox 188 2815 324 2878; x_wconf 91' lang='lat' dir='ltr'><strong>ipsae</strong></span> <span class='ocrx_word' id='word_1_202' title='bbox 360 2817 424 2864; x_wconf 94' lang='lat' dir='ltr'><strong>de</strong></span> <span class='ocrx_word' id='word_1_203' title='bbox 461 2816 611 2864; x_wconf 91' lang='lat' dir='ltr'><strong>muris</strong></span> <span class='ocrx_word' id='word_1_204' title='bbox 651 2833 848 2865; x_wconf 89' lang='lat' dir='ltr'><strong>summo</strong></span> <span class='ocrx_word' id='word_1_205' title='bbox 885 2817 1153 2865; x_wconf 89' lang='lat' dir='ltr'><strong>certamine</strong></span> <span class='ocrx_word' id='word_1_206' title='bbox 1190 2826 1368 2865; x_wconf 89' lang='lat' dir='ltr'><strong>matres</strong></span> 
     </span>
    </p>
   </div>
   <div class='ocr_carea' id='block_1_5' title="bbox 1767 316 1847 358">
    <p class='ocr_par' dir='ltr' id='par_1_23' title="bbox 1767 316 1847 358">
     <span class='ocr_line' id='line_1_34' title="bbox 1767 316 1847 358; baseline 0.013 -1"><span class='ocrx_word' id='word_1_207' title='bbox 1767 316 1847 358; x_wconf 89' lang='lat'><strong>860</strong></span> 
     </span>
    </p>
   </div>
   <div class='ocr_carea' id='block_1_6' title="bbox 1770 722 1847 775">
    <p class='ocr_par' dir='ltr' id='par_1_24' title="bbox 1770 722 1847 775">
     <span class='ocr_line' id='line_1_35' title="bbox 1770 722 1847 775; baseline 0 -13"><span class='ocrx_word' id='word_1_208' title='bbox 1770 722 1847 775; x_wconf 85' lang='lat'><strong>865</strong></span> 
     </span>
    </p>
   </div>
   <div class='ocr_carea' id='block_1_7' title="bbox 1769 1128 1849 1180">
    <p class='ocr_par' dir='ltr' id='par_1_25' title="bbox 1769 1128 1849 1180">
     <span class='ocr_line' id='line_1_36' title="bbox 1769 1128 1849 1180; baseline 0 -13"><span class='ocrx_word' id='word_1_209' title='bbox 1769 1128 1849 1180; x_wconf 88' lang='lat'><strong>870</strong></span> 
     </span>
    </p>
   </div>
   <div class='ocr_carea' id='block_1_8' title="bbox 1772 1939 1850 1978">
    <p class='ocr_par' dir='ltr' id='par_1_26' title="bbox 1772 1939 1850 1978">
     <span class='ocr_line' id='line_1_37' title="bbox 1772 1939 1850 1978; baseline -0.013 0"><span class='ocrx_word' id='word_1_210' title='bbox 1772 1939 1850 1978; x_wconf 91' lang='lat'><strong>880</strong></span> 
     </span>
    </p>
   </div>
   <div class='ocr_carea' id='block_1_9' title="bbox 1771 2343 1848 2392">
    <p class='ocr_par' dir='ltr' id='par_1_27' title="bbox 1771 2343 1848 2392">
     <span class='ocr_line' id='line_1_38' title="bbox 1771 2343 1848 2392; baseline 0.026 -11"><span class='ocrx_word' id='word_1_211' title='bbox 1771 2343 1848 2392; x_wconf 92' lang='lat'><strong>885</strong></span> 
     </span>
    </p>
   </div>
   <div class='ocr_carea' id='block_1_10' title="bbox 1775 2745 1854 2795">
    <p class='ocr_par' dir='ltr' id='par_1_28' title="bbox 1775 2745 1854 2795">
     <span class='ocr_line' id='line_1_39' title="bbox 1775 2745 1854 2795; baseline 0 -12"><span class='ocrx_word' id='word_1_212' title='bbox 1775 2745 1854 2795; x_wconf 90' lang='lat'><strong>890</strong></span> 
     </span>
    </p>
   </div>
   <div class='ocr_carea' id='block_1_11' title="bbox 244 2942 1854 2996">
    <p class='ocr_par' dir='ltr' id='par_1_29' title="bbox 244 2942 1854 2996">
     <span class='ocr_line' id='line_1_40' title="bbox 244 2942 1854 2996; baseline -0.001 -15"><span class='ocrx_word' id='word_1_213' title='bbox 244 2943 430 2993; x_wconf 88' lang='lat'>860-891</span> <span class='ocrx_word' id='word_1_214' title='bbox 454 2943 621 2983; x_wconf 81' lang='lat' dir='ltr'><em>FMPR</em></span> <span class='ocrx_word' id='word_1_215' title='bbox 781 2946 863 2994; x_wconf 90' lang='lat'><strong>870</strong></span> <span class='ocrx_word' id='word_1_216' title='bbox 892 2944 1082 2996; x_wconf 87' lang='lat' dir='ltr'><strong>disiecti]</strong></span> <span class='ocrx_word' id='word_1_217' title='bbox 1112 2945 1268 2983; x_wconf 87' lang='lat' dir='ltr'><strong>defecti</strong></span> <span class='ocrx_word' id='word_1_218' title='bbox 1286 2943 1355 2982; x_wconf 78' lang='lat' dir='ltr'><strong>Ml</strong></span> <span class='ocrx_word' id='word_1_219' title='bbox 1478 2947 1555 2992; x_wconf 91' lang='lat'><strong>871</strong></span> <span class='ocrx_word' id='word_1_220' title='bbox 1589 2955 1722 2992; x_wconf 90' lang='lat' dir='ltr'><strong>equos</strong></span> <span class='ocrx_word' id='word_1_221' title='bbox 1740 2942 1854 2993; x_wconf 73' lang='grc' dir='ltr'><strong>Ργπῑ</strong></span> 
     </span>
    </p>
   </div>
   <div class='ocr_carea' id='block_1_12' title="bbox 190 2995 1752 3048">
    <p class='ocr_par' dir='ltr' id='par_1_30' title="bbox 190 2995 1752 3048">
     <span class='ocr_line' id='line_1_41' title="bbox 190 2995 1752 3048; baseline 0.001 -14"><span class='ocrx_word' id='word_1_222' title='bbox 190 2997 269 3046; x_wconf 89' lang='lat'><strong>875</strong></span> <span class='ocrx_word' id='word_1_223' title='bbox 300 2998 651 3048; x_wconf 89' lang='lat' dir='ltr'><strong>quadripedoque</strong></span> <span class='ocrx_word' id='word_1_224' title='bbox 670 2996 768 3036; x_wconf 77' lang='lat' dir='ltr'><strong>F1R</strong></span> <span class='ocrx_word' id='word_1_225' title='bbox 878 3000 957 3047; x_wconf 87' lang='lat'><strong>877</strong></span> <span class='ocrx_word' id='word_1_226' title='bbox 990 3012 1014 3038; x_wconf 90' lang='lat' dir='ltr'><strong>e</strong></span> <span class='ocrx_word' id='word_1_227' title='bbox 1035 3012 1116 3037; x_wconf 88' lang='lat' dir='ltr'><strong>om.</strong></span> <span class='ocrx_word' id='word_1_228' title='bbox 1140 2998 1182 3037; x_wconf 88' lang='lat' dir='ltr'><em>F</em></span> <span class='ocrx_word' id='word_1_229' title='bbox 1182 2998 1248 3036; x_wconf 61' lang='lat' dir='ltr'><strong>*M</strong></span> <span class='ocrx_word' id='word_1_230' title='bbox 1251 2998 1304 3036; x_wconf 80' lang='lat' dir='ltr'><strong>¹b¹</strong></span> <span class='ocrx_word' id='word_1_231' title='bbox 1416 2999 1496 3036; x_wconf 87' lang='lat'><strong>882</strong></span> <span class='ocrx_word' id='word_1_232' title='bbox 1528 2998 1639 3036; x_wconf 90' lang='lat' dir='ltr'><strong>intra</strong></span> <span class='ocrx_word' id='word_1_233' title='bbox 1659 2995 1752 3035; x_wconf 87' lang='lat' dir='ltr'><strong>MR</strong></span> 
     </span>
    </p>
   </div>
  </div>
 </body>
</html>
