2020 3372
1325 168 1746 218 GEORGICON
1787 169 1811 216 Ι

142 324 192 364 et
227 331 466 378 suspensa
501 312 625 363 focis
661 314 882 376 explorat
916 312 1095 361 robora
1128 311 1308 359 fumus.
1736 324 1810 366 175

210 399 420 445 Possum
457 397 613 443 multa
647 394 738 443 tibi
772 402 994 442 veterum
1029 400 1293 456 praecepta
1327 391 1516 448 referre,

142 477 194 525 ni
229 476 408 540 refugis
446 476 708 539 tenuisque
744 474 878 539 piget
914 489 1214 536 cognoscere
1250 489 1404 520 curas.

141 576 254 608 area
290 575 405 607 cum
441 557 611 621 primis
647 556 836 621 ingenti
871 556 1134 619 aequanda
1170 553 1391 617 cylindro

142 650 190 689 et
226 641 462 689 vertenda
498 656 649 687 manu
685 648 734 687 et
770 647 903 687 creta
939 636 1200 686 solidanda
1235 634 1411 694 tenaci,

141 738 205 770 ne
241 722 452 770 subeant
487 721 670 769 herbae
705 736 803 768 neu
840 720 1040 782 pulvere
1075 717 1204 765 victa
1238 716 1444 775 fatiscat,
1739 725 1816 763 180

139 811 248 860 ‚tum
284 802 444 851 variae
479 801 708 850 inludant
743 809 936 863 pestes:
980 815 1127 862 saepe
1164 797 1366 860 exiguus
1402 813 1513 844 mus

142 885 235 932 sub
272 883 407 932 terris
444 882 709 946 posuitque
746 883 924 931 domos
960 889 1109 944 atque
1145 882 1320 934 horrea
1355 878 1484 938 fecit,

141 974 225 1013 aut
262 964 416 1014 oculis
453 964 585 1027 capti
620 965 790 1013 fodere
827 962 1008 1012 cubilia
1045 963 1219 1025 talpae,

141 1045 470 1109 inventusque
505 1045 636 1094 cavis
673 1046 794 1094 bufo
831 1053 880 1093 et
915 1060 1043 1107 quae
1079 1042 1290 1106 plurima
1325 1050 1480 1090 terrae

141 1137 361 1176 monstra
396 1129 569 1187 ferunt,
610 1129 915 1190 populatque
950 1125 1203 1188 ingentem
1239 1123 1376 1171 farris
1411 1139 1642 1171 acervum
1741 1133 1812 1182 185

141 1208 359 1257 curculio
394 1218 544 1272 atque
579 1208 717 1271 inopi
754 1217 981 1256 metuens
1017 1205 1223 1255 formica
1259 1213 1500 1253 senectae.

143 1292 504 1353 contemplator
539 1289 674 1348 item,
713 1306 827 1337 cum
864 1305 917 1336 se
953 1305 1054 1335 nux
1088 1286 1300 1350 plurima
1335 1285 1467 1334 silvis

142 1369 315 1419 induet
351 1370 402 1417 in
438 1372 610 1419 florem
647 1379 696 1418 et
731 1386 894 1418 ramos
931 1368 1153 1417 curvabit
1190 1367 1397 1416 olentis:

142 1452 183 1499 si
219 1460 451 1514 superant
487 1453 629 1511 fetus,
669 1450 847 1514 pariter
882 1452 1130 1498 frumenta
1165 1457 1448 1511 sequentur,

142 1549 420 1595 magnaque
457 1549 571 1580 cum
610 1548 790 1595 magno
826 1530 990 1579 veniet
1027 1529 1196 1578 tritura
1231 1531 1394 1578 calore
1410 1547 1425 1590 ,·
1740 1550 1817 1591 190

141 1621 191 1660 at
227 1612 266 1660 si
302 1612 490 1660 luxuria
525 1612 755 1661 foliorum
792 1611 1026 1660 exuberat
1060 1611 1250 1670 umbra,

142 1693 446 1756 nequiquam
484 1693 680 1757 pinguis
715 1694 858 1755 palea
894 1701 1017 1740 teret
1052 1708 1165 1740 area
1201 1693 1405 1740 culmos.

143 1775 333 1824 semina
366 1774 468 1823 vidi
504 1773 738 1837 equidem
775 1775 958 1822 multos
995 1772 1242 1821 medicare
1278 1770 1482 1821 serentis

143 1865 191 1904 et
227 1855 355 1904 nitro
391 1854 524 1918 prius
562 1864 610 1903 et
646 1854 782 1918 nigra
818 1855 1112 1917 perfundere
1148 1870 1362 1912 amurca,

142 1936 371 2000 grandior
406 1946 460 1984 ut
495 1938 622 1984 fetus
660 1935 847 1998 siliquis
883 1934 1139 1984 fallacibus
1177 1944 1319 1994 esset,
1742 1954 1814 1996 195

143 2027 192 2066 et
227 2018 451 2081 quamvis
487 2016 587 2081 igni
623 2017 799 2081 exiguo
834 2026 1095 2080 properata
1131 2017 1398 2065 maderent.

142 2098 244 2147 vidi
278 2101 406 2147 lecta
441 2098 526 2147 diu
563 2107 612 2146 et
648 2100 805 2146 multo
842 2106 1062 2160 spectata
1095 2098 1265 2145 labore

143 2181 441 2242 degenerare
477 2188 658 2238 tamen,
697 2177 749 2225 ni
784 2177 856 2226 vis
892 2179 1111 2226 humana
1147 2176 1412 2240 quotannis

144 2260 356 2308 maxima
392 2276 620 2322 quaeque
658 2276 810 2307 manu
847 2260 1040 2321 legeret.
1115 2258 1186 2306 sic
1222 2258 1392 2306 omnia
1427 2257 1537 2306 fatis

143 2340 194 2388 in
230 2340 369 2404 peius
405 2358 544 2389 ruere
579 2357 638 2389 ac
674 2350 802 2389 retro
840 2341 1072 2403 sublapsa
1107 2338 1286 2397 referri,
1740 2360 1816 2388 200

143 2438 246 2469 non
281 2421 420 2469 aliter
455 2438 606 2484 quam
643 2421 729 2484 qui
764 2423 972 2470 adverso
1008 2419 1088 2468 vix
1123 2419 1327 2468 flumine
1362 2420 1585 2468 lembum

143 2502 355 2566 remigiis
392 2502 586 2565 subigit,
626 2502 666 2550 si
701 2502 933 2551 bracchia
968 2503 1092 2550 forte
1127 2500 1326 2560 remisit,

143 2592 292 2646 atque
327 2583 466 2631 illum
502 2583 553 2630 in
590 2599 825 2646 praeceps
862 2599 1021 2646 prono
1058 2582 1183 2645 rapit
1217 2584 1384 2630 alveus
1420 2581 1568 2630 amni.

203 2725 388 2763 175—203
417 2712 596 2751 AMPR
860 2725 935 2762 175
968 2713 1164 2762 exploret
1193 2710 1341 2750 AM2n·
1516 2711 1591 2760 178
1622 2711 1815 2760 cylindro

144 2773 210 2807 est
229 2767 305 2806 P2:
326 2767 520 2806 colindro
540 2766 583 2804 A
703 2768 775 2805 181
811 2767 1006 2805 inludunt
1026 2765 1246 2805 M2P²³b²c2
1278 2766 1429 2804 ludunt
1447 2765 1490 2803 A
1620 2768 1695 2815 187
1727 2780 1815 2804 nux

143 2835 192 2860 se
211 2821 254 2859 A
374 2822 449 2860 188
471 2821 607 2859 induit
622 2836 650 2870 -γ
766 2834 842 2870 192
863 2822 1012 2871 paleae
1027 2821 1146 2859 schol.
1164 2821 1287 2858 Rern.
1308 2820 1490 2870 agnos-dt
1501 2819 1789 2870 Philargyrius
1806 2833 1814 2857 :

144 2876 269 2927 palee
290 2891 318 2914 π
446 2876 553 2914 terit
574 2875 642 2914 Rb
795 2887 870 2925 195
902 2876 1097 2915 felicibus
1127 2874 1305 2912 Klouc'ek
1434 2887 1515 2912 200
1544 2874 1613 2925 ac]
1654 2879 1697 2911 et
1733 2873 1818 2912 Pbc

145 2943 225 2980 203
255 2930 373 2969 illum
387 2931 431 2968 in
448 2942 656 2979 praeceps
668 2943 802 2979 prono
816 2930 988 2980 AM-ybc
996 2929 1054 2967 A.
1077 2928 1229 2968 Gellius
1248 2927 1412 2967 Nonius
1429 2943 1439 2967 :
1469 2929 1586 2966 illum
1608 2940 1814 2978 praeceps

146 2997 284 3033 prono
303 2983 346 3022 P
361 2984 533 3022 Ribbeck
550 3000 559 3023 ε
601 2985 717 3023 illum
737 2997 872 3034 prono
894 2985 936 3021 in
959 2996 1169 3033 praeceps
1188 2983 1316 3021 trahit
1336 2983 1379 3020 R
