<?xml version="1.0" encoding="UTF-8"?>
<!DOCTYPE html PUBLIC "-//W3C//DTD XHTML 1.0 Transitional//EN"
    "http://www.w3.org/TR/xhtml1/DTD/xhtml1-transitional.dtd">
<html xmlns="http://www.w3.org/1999/xhtml" xml:lang="en" lang="en">
 <head>
  <title>
</title>
<meta http-equiv="Content-Type" content="text/html;charset=utf-8" />
  <meta name='ocr-system' content='tesseract 3.04.00' />
  <meta name='ocr-capabilities' content='ocr_page ocr_carea ocr_par ocr_line ocrx_word'/>
</head>
<body>
  <div class='ocr_page' id='page_1' title='image "./operarecognovitb00virguoft_0357.png"; bbox 0 0 2014 3372; ppageno 0'>
   <div class='ocr_carea' id='block_1_1' title="bbox 1336 166 1813 216">
    <p class='ocr_par' dir='ltr' id='par_1_1' title="bbox 1336 166 1813 216">
     <span class='ocr_line' id='line_1_1' title="bbox 1336 166 1813 216; baseline -0.004 0"><span class='ocrx_word' id='word_1_1' title='bbox 1336 166 1698 216; x_wconf 90' lang='lat' dir='ltr'><strong>AENEIDOS</strong></span> <span class='ocrx_word' id='word_1_2' title='bbox 1738 167 1813 214; x_wconf 90' lang='lat' dir='ltr'><strong>IX</strong></span> 
     </span>
    </p>
   </div>
   <div class='ocr_carea' id='block_1_2' title="bbox 140 304 1814 2803">
    <p class='ocr_par' dir='ltr' id='par_1_2' title="bbox 149 304 1451 374">
     <span class='ocr_line' id='line_1_2' title="bbox 149 304 1451 374; baseline -0.006 -13"><span class='ocrx_word' id='word_1_3' title='bbox 149 316 162 338; x_wconf 90' lang='lat'>‘</span> <span class='ocrx_word' id='word_1_4' title='bbox 179 328 283 361; x_wconf 91' lang='lat' dir='ltr'><strong>non</strong></span> <span class='ocrx_word' id='word_1_5' title='bbox 317 311 473 374; x_wconf 90' lang='lat' dir='ltr'><strong>pudet</strong></span> <span class='ocrx_word' id='word_1_6' title='bbox 508 308 771 359; x_wconf 88' lang='lat' dir='ltr'><strong>obsidione</strong></span> <span class='ocrx_word' id='word_1_7' title='bbox 806 307 983 356; x_wconf 90' lang='lat' dir='ltr'><strong>iterum</strong></span> <span class='ocrx_word' id='word_1_8' title='bbox 1019 309 1248 370; x_wconf 90' lang='lat' dir='ltr'><strong>valloque</strong></span> <span class='ocrx_word' id='word_1_9' title='bbox 1284 304 1451 364; x_wconf 91' lang='lat' dir='ltr'><strong>teneri,</strong></span> 
     </span>
    </p>

    <p class='ocr_par' dir='ltr' id='par_1_3' title="bbox 146 387 1522 455">
     <span class='ocr_line' id='line_1_3' title="bbox 146 387 1522 455; baseline -0.005 -14"><span class='ocrx_word' id='word_1_10' title='bbox 146 392 221 441; x_wconf 92' lang='lat' dir='ltr'><strong>bis</strong></span> <span class='ocrx_word' id='word_1_11' title='bbox 257 391 388 455; x_wconf 91' lang='lat' dir='ltr'><strong>capti</strong></span> <span class='ocrx_word' id='word_1_12' title='bbox 425 393 653 455; x_wconf 83' lang='lat' dir='ltr'><strong>PhrygeS,</strong></span> <span class='ocrx_word' id='word_1_13' title='bbox 692 399 741 439; x_wconf 94' lang='lat' dir='ltr'><strong>et</strong></span> <span class='ocrx_word' id='word_1_14' title='bbox 776 388 923 438; x_wconf 89' lang='lat' dir='ltr'><strong>morti</strong></span> <span class='ocrx_word' id='word_1_15' title='bbox 957 389 1279 451; x_wconf 82' lang='lat' dir='ltr'>praetendere</span> <span class='ocrx_word' id='word_1_16' title='bbox 1315 387 1522 435; x_wconf 89' lang='lat' dir='ltr'><strong>muros?</strong></span> 
     </span>
    </p>

    <p class='ocr_par' dir='ltr' id='par_1_4' title="bbox 145 469 1813 537">
     <span class='ocr_line' id='line_1_4' title="bbox 145 469 1813 537; baseline -0.006 -15"><span class='ocrx_word' id='word_1_17' title='bbox 145 490 208 522; x_wconf 92' lang='lat' dir='ltr'><strong>en</strong></span> <span class='ocrx_word' id='word_1_18' title='bbox 244 473 330 537; x_wconf 89' lang='lat' dir='ltr'><strong>qui</strong></span> <span class='ocrx_word' id='word_1_19' title='bbox 365 482 532 521; x_wconf 92' lang='lat' dir='ltr'><strong>nostra</strong></span> <span class='ocrx_word' id='word_1_20' title='bbox 567 471 661 520; x_wconf 90' lang='lat' dir='ltr'><strong>sibi</strong></span> <span class='ocrx_word' id='word_1_21' title='bbox 696 471 829 519; x_wconf 92' lang='lat' dir='ltr'><strong>bello</strong></span> <span class='ocrx_word' id='word_1_22' title='bbox 864 469 1080 519; x_wconf 90' lang='lat' dir='ltr'><strong>conubia</strong></span> <span class='ocrx_word' id='word_1_23' title='bbox 1114 471 1361 532; x_wconf 83' lang='lat' dir='ltr'><strong>poscunt!</strong></span> <span class='ocrx_word' id='word_1_24' title='bbox 1733 473 1813 513; x_wconf 91' lang='lat'><strong>600</strong></span> 
     </span>
    </p>

    <p class='ocr_par' dir='ltr' id='par_1_5' title="bbox 145 547 1477 618">
     <span class='ocr_line' id='line_1_5' title="bbox 145 547 1477 618; baseline -0.005 -15"><span class='ocrx_word' id='word_1_25' title='bbox 145 554 256 618; x_wconf 92' lang='lat' dir='ltr'><strong>quis</strong></span> <span class='ocrx_word' id='word_1_26' title='bbox 291 555 415 603; x_wconf 91' lang='lat' dir='ltr'><strong>deus</strong></span> <span class='ocrx_word' id='word_1_27' title='bbox 453 552 663 612; x_wconf 92' lang='lat' dir='ltr'><strong>Italiam,</strong></span> <span class='ocrx_word' id='word_1_28' title='bbox 702 568 830 615; x_wconf 91' lang='lat' dir='ltr'><strong>quae</strong></span> <span class='ocrx_word' id='word_1_29' title='bbox 866 568 953 600; x_wconf 88' lang='lat' dir='ltr'><strong>vos</strong></span> <span class='ocrx_word' id='word_1_30' title='bbox 990 550 1241 599; x_wconf 89' lang='lat' dir='ltr'><strong>dementia</strong></span> <span class='ocrx_word' id='word_1_31' title='bbox 1276 547 1477 612; x_wconf 84' lang='lat' dir='ltr'><strong>adegit?</strong></span> 
     </span>
    </p>

    <p class='ocr_par' dir='ltr' id='par_1_6' title="bbox 144 631 1313 684">
     <span class='ocr_line' id='line_1_6' title="bbox 144 631 1313 684; baseline -0.004 0"><span class='ocrx_word' id='word_1_32' title='bbox 144 652 248 684; x_wconf 90' lang='lat' dir='ltr'><strong>non</strong></span> <span class='ocrx_word' id='word_1_33' title='bbox 284 635 365 684; x_wconf 91' lang='lat' dir='ltr'><strong>hic</strong></span> <span class='ocrx_word' id='word_1_34' title='bbox 400 634 605 683; x_wconf 85' lang='lat' dir='ltr'><strong>Atridae</strong></span> <span class='ocrx_word' id='word_1_35' title='bbox 640 651 734 682; x_wconf 93' lang='lat' dir='ltr'><strong>nec</strong></span> <span class='ocrx_word' id='word_1_36' title='bbox 768 633 906 682; x_wconf 91' lang='lat' dir='ltr'><strong>fandi</strong></span> <span class='ocrx_word' id='word_1_37' title='bbox 941 634 1082 681; x_wconf 90' lang='lat' dir='ltr'>fictor</span> <span class='ocrx_word' id='word_1_38' title='bbox 1116 631 1313 680; x_wconf 85' lang='lat' dir='ltr'><strong>Vlixes:</strong></span> 
     </span>
    </p>

    <p class='ocr_par' dir='ltr' id='par_1_7' title="bbox 144 711 1530 778">
     <span class='ocr_line' id='line_1_7' title="bbox 144 711 1530 778; baseline -0.004 -13"><span class='ocrx_word' id='word_1_39' title='bbox 144 718 324 766; x_wconf 92' lang='lat' dir='ltr'><strong>durum</strong></span> <span class='ocrx_word' id='word_1_40' title='bbox 359 733 389 764; x_wconf 91' lang='lat' dir='ltr'><strong>a</strong></span> <span class='ocrx_word' id='word_1_41' title='bbox 424 715 573 778; x_wconf 84' lang='lat' dir='ltr'>stirpe</span> <span class='ocrx_word' id='word_1_42' title='bbox 607 731 762 778; x_wconf 89' lang='lat' dir='ltr'><strong>genus</strong></span> <span class='ocrx_word' id='word_1_43' title='bbox 798 723 941 762; x_wconf 90' lang='lat' dir='ltr'><strong>natos</strong></span> <span class='ocrx_word' id='word_1_44' title='bbox 976 715 1041 762; x_wconf 92' lang='lat' dir='ltr'><strong>ad</strong></span> <span class='ocrx_word' id='word_1_45' title='bbox 1076 712 1280 761; x_wconf 90' lang='lat' dir='ltr'><strong>flumina</strong></span> <span class='ocrx_word' id='word_1_46' title='bbox 1316 711 1530 775; x_wconf 90' lang='lat' dir='ltr'><strong>primum</strong></span> 
     </span>
    </p>

    <p class='ocr_par' dir='ltr' id='par_1_8' title="bbox 140 793 1409 859">
     <span class='ocr_line' id='line_1_8' title="bbox 140 793 1409 859; baseline -0.005 -12"><span class='ocrx_word' id='word_1_47' title='bbox 140 797 410 849; x_wconf 74' lang='lat' dir='ltr'><strong>,deferimus</strong></span> <span class='ocrx_word' id='word_1_48' title='bbox 446 813 692 859; x_wconf 89' lang='lat' dir='ltr'><strong>saevoque</strong></span> <span class='ocrx_word' id='word_1_49' title='bbox 727 797 840 859; x_wconf 90' lang='lat' dir='ltr'><strong>gelu</strong></span> <span class='ocrx_word' id='word_1_50' title='bbox 876 796 1109 843; x_wconf 89' lang='lat' dir='ltr'><strong>duramus</strong></span> <span class='ocrx_word' id='word_1_51' title='bbox 1146 804 1195 842; x_wconf 92' lang='lat' dir='ltr'><strong>et</strong></span> <span class='ocrx_word' id='word_1_52' title='bbox 1230 793 1409 853; x_wconf 84' lang='lat' dir='ltr'><strong>undis;</strong></span> 
     </span>
    </p>

    <p class='ocr_par' dir='ltr' id='par_1_9' title="bbox 143 874 1812 940">
     <span class='ocr_line' id='line_1_9' title="bbox 143 874 1812 940; baseline -0.003 -14"><span class='ocrx_word' id='word_1_53' title='bbox 143 887 325 926; x_wconf 91' lang='lat' dir='ltr'><strong>venatu</strong></span> <span class='ocrx_word' id='word_1_54' title='bbox 361 876 614 940; x_wconf 88' lang='lat' dir='ltr'><strong>invigilant</strong></span> <span class='ocrx_word' id='word_1_55' title='bbox 649 876 788 940; x_wconf 92' lang='lat' dir='ltr'><strong>pueri</strong></span> <span class='ocrx_word' id='word_1_56' title='bbox 824 875 1068 938; x_wconf 92' lang='lat' dir='ltr'><strong>silvasque</strong></span> <span class='ocrx_word' id='word_1_57' title='bbox 1104 874 1320 937; x_wconf 89' lang='lat' dir='ltr'><strong>fatigant,</strong></span> <span class='ocrx_word' id='word_1_58' title='bbox 1734 881 1812 934; x_wconf 91' lang='lat'><strong>605</strong></span> 
     </span>
    </p>

    <p class='ocr_par' dir='ltr' id='par_1_10' title="bbox 143 957 1472 1022">
     <span class='ocr_line' id='line_1_10' title="bbox 143 957 1472 1022; baseline -0.003 -15"><span class='ocrx_word' id='word_1_59' title='bbox 143 961 341 1008; x_wconf 91' lang='lat' dir='ltr'><strong>flectere</strong></span> <span class='ocrx_word' id='word_1_60' title='bbox 376 960 522 1008; x_wconf 92' lang='lat' dir='ltr'><strong>ludus</strong></span> <span class='ocrx_word' id='word_1_61' title='bbox 559 975 715 1022; x_wconf 88' lang='lat' dir='ltr'><strong>equos</strong></span> <span class='ocrx_word' id='word_1_62' title='bbox 751 967 800 1007; x_wconf 93' lang='lat' dir='ltr'><strong>et</strong></span> <span class='ocrx_word' id='word_1_63' title='bbox 835 957 1024 1021; x_wconf 91' lang='lat' dir='ltr'><strong>spicula</strong></span> <span class='ocrx_word' id='word_1_64' title='bbox 1059 958 1263 1006; x_wconf 91' lang='lat' dir='ltr'><strong>tendere</strong></span> <span class='ocrx_word' id='word_1_65' title='bbox 1304 972 1472 1004; x_wconf 91' lang='lat' dir='ltr'><strong>cornu.</strong></span> 
     </span>
    </p>

    <p class='ocr_par' dir='ltr' id='par_1_11' title="bbox 143 1037 1453 1103">
     <span class='ocr_line' id='line_1_11' title="bbox 143 1037 1453 1103; baseline -0.004 -14"><span class='ocrx_word' id='word_1_66' title='bbox 143 1050 194 1089; x_wconf 91' lang='lat' dir='ltr'><strong>at</strong></span> <span class='ocrx_word' id='word_1_67' title='bbox 228 1040 420 1103; x_wconf 89' lang='lat' dir='ltr'><strong>patiens</strong></span> <span class='ocrx_word' id='word_1_68' title='bbox 457 1056 663 1102; x_wconf 90' lang='lat' dir='ltr'><strong>operum</strong></span> <span class='ocrx_word' id='word_1_69' title='bbox 699 1055 950 1102; x_wconf 89' lang='lat' dir='ltr'><strong>parvoque</strong></span> <span class='ocrx_word' id='word_1_70' title='bbox 985 1040 1191 1087; x_wconf 90' lang='lat' dir='ltr'><strong>adsueta</strong></span> <span class='ocrx_word' id='word_1_71' title='bbox 1225 1037 1453 1085; x_wconf 91' lang='lat' dir='ltr'><strong>iuventus</strong></span> 
     </span>
    </p>

    <p class='ocr_par' dir='ltr' id='par_1_12' title="bbox 143 1118 1562 1183">
     <span class='ocr_line' id='line_1_12' title="bbox 143 1118 1562 1183; baseline -0.002 -13"><span class='ocrx_word' id='word_1_72' title='bbox 143 1132 228 1170; x_wconf 92' lang='lat' dir='ltr'><strong>aut</strong></span> <span class='ocrx_word' id='word_1_73' title='bbox 263 1121 425 1170; x_wconf 91' lang='lat' dir='ltr'><strong>rastris</strong></span> <span class='ocrx_word' id='word_1_74' title='bbox 462 1131 639 1170; x_wconf 89' lang='lat' dir='ltr'><strong>terram</strong></span> <span class='ocrx_word' id='word_1_75' title='bbox 675 1122 847 1170; x_wconf 90' lang='lat' dir='ltr'><strong>domat</strong></span> <span class='ocrx_word' id='word_1_76' title='bbox 882 1129 966 1169; x_wconf 88' lang='lat' dir='ltr'><strong>aut</strong></span> <span class='ocrx_word' id='word_1_77' title='bbox 1003 1119 1160 1183; x_wconf 90' lang='lat' dir='ltr'><strong>quatit</strong></span> <span class='ocrx_word' id='word_1_78' title='bbox 1195 1118 1380 1182; x_wconf 92' lang='lat' dir='ltr'><strong>oppida</strong></span> <span class='ocrx_word' id='word_1_79' title='bbox 1416 1118 1562 1167; x_wconf 88' lang='lat' dir='ltr'><strong>bello.</strong></span> 
     </span>
    </p>

    <p class='ocr_par' dir='ltr' id='par_1_13' title="bbox 144 1200 1462 1264">
     <span class='ocr_line' id='line_1_13' title="bbox 144 1200 1462 1264; baseline -0.003 -12"><span class='ocrx_word' id='word_1_80' title='bbox 144 1220 294 1252; x_wconf 91' lang='lat' dir='ltr'><strong>omne</strong></span> <span class='ocrx_word' id='word_1_81' title='bbox 329 1219 506 1251; x_wconf 89' lang='lat' dir='ltr'><strong>aevum</strong></span> <span class='ocrx_word' id='word_1_82' title='bbox 542 1204 669 1251; x_wconf 93' lang='lat' dir='ltr'><strong>ferro</strong></span> <span class='ocrx_word' id='word_1_83' title='bbox 705 1201 886 1261; x_wconf 89' lang='lat' dir='ltr'><strong>teritur,</strong></span> <span class='ocrx_word' id='word_1_84' title='bbox 924 1217 1162 1264; x_wconf 91' lang='lat' dir='ltr'><strong>versaque</strong></span> <span class='ocrx_word' id='word_1_85' title='bbox 1197 1200 1462 1249; x_wconf 88' lang='lat' dir='ltr'><strong>iuvencum</strong></span> 
     </span>
    </p>

    <p class='ocr_par' dir='ltr' id='par_1_14' title="bbox 144 1283 1814 1347">
     <span class='ocr_line' id='line_1_14' title="bbox 144 1283 1814 1347; baseline -0.004 -15"><span class='ocrx_word' id='word_1_86' title='bbox 144 1294 278 1346; x_wconf 89' lang='lat' dir='ltr'><strong>terga</strong></span> <span class='ocrx_word' id='word_1_87' title='bbox 312 1283 572 1347; x_wconf 86' lang='lat' dir='ltr'><strong>fatigamus</strong></span> <span class='ocrx_word' id='word_1_88' title='bbox 608 1284 760 1342; x_wconf 89' lang='lat' dir='ltr'><strong>hasta,</strong></span> <span class='ocrx_word' id='word_1_89' title='bbox 800 1299 894 1331; x_wconf 91' lang='lat' dir='ltr'><strong>nec</strong></span> <span class='ocrx_word' id='word_1_90' title='bbox 930 1284 1068 1331; x_wconf 91' lang='lat' dir='ltr'><strong>tarda</strong></span> <span class='ocrx_word' id='word_1_91' title='bbox 1103 1290 1331 1330; x_wconf 91' lang='lat' dir='ltr'><strong>senectus</strong></span> <span class='ocrx_word' id='word_1_92' title='bbox 1734 1286 1814 1327; x_wconf 87' lang='lat'><strong>610</strong></span> 
     </span>
    </p>

    <p class='ocr_par' dir='ltr' id='par_1_15' title="bbox 143 1362 1293 1426">
     <span class='ocr_line' id='line_1_15' title="bbox 143 1362 1293 1426; baseline -0.003 -13"><span class='ocrx_word' id='word_1_93' title='bbox 143 1364 369 1413; x_wconf 92' lang='lat' dir='ltr'><strong>debilitat</strong></span> <span class='ocrx_word' id='word_1_94' title='bbox 404 1364 516 1412; x_wconf 91' lang='lat' dir='ltr'><strong>viris</strong></span> <span class='ocrx_word' id='word_1_95' title='bbox 553 1363 707 1412; x_wconf 88' lang='lat' dir='ltr'><strong>animi</strong></span> <span class='ocrx_word' id='word_1_96' title='bbox 743 1372 1002 1426; x_wconf 90' lang='lat' dir='ltr'><strong>mutatque</strong></span> <span class='ocrx_word' id='word_1_97' title='bbox 1036 1362 1254 1426; x_wconf 89' lang='lat' dir='ltr'><strong>vigorem</strong></span> <span class='ocrx_word' id='word_1_98' title='bbox 1283 1381 1293 1410; x_wconf 75' lang='grc' dir='ltr'>ε</span> 
     </span>
    </p>

    <p class='ocr_par' dir='ltr' id='par_1_16' title="bbox 144 1442 1453 1508">
     <span class='ocr_line' id='line_1_16' title="bbox 144 1442 1453 1508; baseline -0.002 -14"><span class='ocrx_word' id='word_1_99' title='bbox 144 1445 376 1494; x_wconf 89' lang='lat' dir='ltr'><strong>canitiem</strong></span> <span class='ocrx_word' id='word_1_100' title='bbox 413 1447 551 1507; x_wconf 88' lang='lat' dir='ltr'><strong>galea</strong></span> <span class='ocrx_word' id='word_1_101' title='bbox 587 1444 871 1508; x_wconf 90' lang='lat' dir='ltr'><strong>premimus,</strong></span> <span class='ocrx_word' id='word_1_102' title='bbox 911 1460 1205 1507; x_wconf 90' lang='lat' dir='ltr'><strong>semperque</strong></span> <span class='ocrx_word' id='word_1_103' title='bbox 1242 1442 1453 1492; x_wconf 90' lang='lat' dir='ltr'><strong>recentis</strong></span> 
     </span>
    </p>

    <p class='ocr_par' dir='ltr' id='par_1_17' title="bbox 143 1524 1335 1589">
     <span class='ocr_line' id='line_1_17' title="bbox 143 1524 1335 1589; baseline -0.003 -14"><span class='ocrx_word' id='word_1_104' title='bbox 143 1536 452 1589; x_wconf 90' lang='lat' dir='ltr'><strong>comportare</strong></span> <span class='ocrx_word' id='word_1_105' title='bbox 487 1525 620 1574; x_wconf 92' lang='lat' dir='ltr'><strong>iuvat</strong></span> <span class='ocrx_word' id='word_1_106' title='bbox 655 1527 863 1589; x_wconf 89' lang='lat' dir='ltr'><strong>praedas</strong></span> <span class='ocrx_word' id='word_1_107' title='bbox 899 1535 949 1574; x_wconf 94' lang='lat' dir='ltr'><strong>et</strong></span> <span class='ocrx_word' id='word_1_108' title='bbox 983 1524 1145 1574; x_wconf 89' lang='lat' dir='ltr'><strong>vivere</strong></span> <span class='ocrx_word' id='word_1_109' title='bbox 1181 1534 1335 1587; x_wconf 92' lang='lat' dir='ltr'><strong>rapto.</strong></span> 
     </span>
    </p>

    <p class='ocr_par' dir='ltr' id='par_1_18' title="bbox 142 1605 1383 1670">
     <span class='ocr_line' id='line_1_18' title="bbox 142 1605 1383 1670; baseline -0.001 -15"><span class='ocrx_word' id='word_1_110' title='bbox 142 1606 284 1656; x_wconf 88' lang='lat' dir='ltr'><strong>vobis</strong></span> <span class='ocrx_word' id='word_1_111' title='bbox 321 1606 454 1669; x_wconf 91' lang='lat' dir='ltr'><strong>picta</strong></span> <span class='ocrx_word' id='word_1_112' title='bbox 489 1623 637 1656; x_wconf 94' lang='lat' dir='ltr'><strong>croco</strong></span> <span class='ocrx_word' id='word_1_113' title='bbox 673 1616 721 1655; x_wconf 92' lang='lat' dir='ltr'><strong>et</strong></span> <span class='ocrx_word' id='word_1_114' title='bbox 757 1605 963 1670; x_wconf 89' lang='lat' dir='ltr'><strong>fulgenti</strong></span> <span class='ocrx_word' id='word_1_115' title='bbox 999 1605 1184 1654; x_wconf 89' lang='lat' dir='ltr'><strong>murice</strong></span> <span class='ocrx_word' id='word_1_116' title='bbox 1219 1605 1383 1665; x_wconf 87' lang='lat' dir='ltr'><strong>vestis,</strong></span> 
     </span>
    </p>

    <p class='ocr_par' dir='ltr' id='par_1_19' title="bbox 143 1686 1810 1750">
     <span class='ocr_line' id='line_1_19' title="bbox 143 1686 1810 1750; baseline -0.002 -14"><span class='ocrx_word' id='word_1_117' title='bbox 143 1687 364 1737; x_wconf 91' lang='lat' dir='ltr'><strong>desidiae</strong></span> <span class='ocrx_word' id='word_1_118' title='bbox 401 1687 550 1747; x_wconf 93' lang='lat' dir='ltr'><strong>cordi,</strong></span> <span class='ocrx_word' id='word_1_119' title='bbox 590 1687 724 1735; x_wconf 91' lang='lat' dir='ltr'><strong>iuvat</strong></span> <span class='ocrx_word' id='word_1_120' title='bbox 759 1686 1014 1750; x_wconf 90' lang='lat' dir='ltr'><strong>indulgere</strong></span> <span class='ocrx_word' id='word_1_121' title='bbox 1046 1686 1252 1745; x_wconf 87' lang='lat' dir='ltr'><strong>choreis,</strong></span> <span class='ocrx_word' id='word_1_122' title='bbox 1732 1692 1810 1745; x_wconf 81' lang='lat'><strong>615</strong></span> 
     </span>
    </p>

    <p class='ocr_par' dir='ltr' id='par_1_20' title="bbox 142 1766 1537 1817">
     <span class='ocr_line' id='line_1_20' title="bbox 142 1766 1537 1817; baseline -0.002 0"><span class='ocrx_word' id='word_1_123' title='bbox 142 1778 192 1817; x_wconf 89' lang='lat' dir='ltr'><strong>et</strong></span> <span class='ocrx_word' id='word_1_124' title='bbox 228 1767 425 1817; x_wconf 89' lang='lat' dir='ltr'><strong>tunicae</strong></span> <span class='ocrx_word' id='word_1_125' title='bbox 462 1767 680 1817; x_wconf 89' lang='lat' dir='ltr'><strong>manicas</strong></span> <span class='ocrx_word' id='word_1_126' title='bbox 716 1776 765 1815; x_wconf 92' lang='lat' dir='ltr'><strong>et</strong></span> <span class='ocrx_word' id='word_1_127' title='bbox 800 1767 987 1816; x_wconf 91' lang='lat' dir='ltr'><strong>habent</strong></span> <span class='ocrx_word' id='word_1_128' title='bbox 1022 1766 1311 1816; x_wconf 90' lang='lat' dir='ltr'><strong>redimicula</strong></span> <span class='ocrx_word' id='word_1_129' title='bbox 1352 1766 1537 1815; x_wconf 87' lang='lat' dir='ltr'><strong>mitrae.</strong></span> 
     </span>
    </p>

    <p class='ocr_par' dir='ltr' id='par_1_21' title="bbox 143 1847 1615 1912">
     <span class='ocr_line' id='line_1_21' title="bbox 143 1847 1615 1912; baseline -0.002 -14"><span class='ocrx_word' id='word_1_130' title='bbox 143 1867 174 1898; x_wconf 96' lang='lat' dir='ltr'><strong>o</strong></span> <span class='ocrx_word' id='word_1_131' title='bbox 210 1866 322 1898; x_wconf 91' lang='lat' dir='ltr'><strong>vere</strong></span> <span class='ocrx_word' id='word_1_132' title='bbox 361 1848 614 1912; x_wconf 91' lang='lat' dir='ltr'><strong>Phrygiae,</strong></span> <span class='ocrx_word' id='word_1_133' title='bbox 654 1866 817 1912; x_wconf 91' lang='lat' dir='ltr'><strong>neque</strong></span> <span class='ocrx_word' id='word_1_134' title='bbox 853 1849 986 1898; x_wconf 92' lang='lat' dir='ltr'><strong>enim</strong></span> <span class='ocrx_word' id='word_1_135' title='bbox 1024 1850 1253 1911; x_wconf 91' lang='lat' dir='ltr'><strong>Phryges,</strong></span> <span class='ocrx_word' id='word_1_136' title='bbox 1292 1847 1358 1896; x_wconf 92' lang='lat' dir='ltr'><strong>ite</strong></span> <span class='ocrx_word' id='word_1_137' title='bbox 1394 1864 1481 1910; x_wconf 91' lang='lat' dir='ltr'><strong>per</strong></span> <span class='ocrx_word' id='word_1_138' title='bbox 1516 1849 1615 1896; x_wconf 89' lang='lat' dir='ltr'><strong>alta</strong></span> 
     </span>
    </p>

    <p class='ocr_par' dir='ltr' id='par_1_22' title="bbox 144 1928 1570 1994">
     <span class='ocr_line' id='line_1_22' title="bbox 144 1928 1570 1994; baseline -0.002 -15"><span class='ocrx_word' id='word_1_139' title='bbox 144 1930 411 1994; x_wconf 89' lang='lat' dir='ltr'><strong>Dindyma,</strong></span> <span class='ocrx_word' id='word_1_140' title='bbox 453 1930 539 1979; x_wconf 92' lang='lat' dir='ltr'><strong>ubi</strong></span> <span class='ocrx_word' id='word_1_141' title='bbox 575 1930 794 1980; x_wconf 89' lang='lat' dir='ltr'><strong>adsuetis</strong></span> <span class='ocrx_word' id='word_1_142' title='bbox 831 1930 1039 1979; x_wconf 91' lang='lat' dir='ltr'><strong>biforem</strong></span> <span class='ocrx_word' id='word_1_143' title='bbox 1076 1931 1162 1978; x_wconf 92' lang='lat' dir='ltr'><strong>dat</strong></span> <span class='ocrx_word' id='word_1_144' title='bbox 1198 1928 1318 1977; x_wconf 91' lang='lat' dir='ltr'><strong>tibia</strong></span> <span class='ocrx_word' id='word_1_145' title='bbox 1354 1938 1570 1977; x_wconf 86' lang='lat' dir='ltr'><strong>cantum.</strong></span> 
     </span>
    </p>

    <p class='ocr_par' dir='ltr' id='par_1_23' title="bbox 142 2009 1517 2075">
     <span class='ocr_line' id='line_1_23' title="bbox 142 2009 1517 2075; baseline -0.003 -14"><span class='ocrx_word' id='word_1_146' title='bbox 142 2021 377 2075; x_wconf 89' lang='lat' dir='ltr'><strong>tympana</strong></span> <span class='ocrx_word' id='word_1_147' title='bbox 412 2030 500 2061; x_wconf 92' lang='lat' dir='ltr'><strong>vos</strong></span> <span class='ocrx_word' id='word_1_148' title='bbox 536 2013 797 2074; x_wconf 85' lang='lat' dir='ltr'><strong>buxusque</strong></span> <span class='ocrx_word' id='word_1_149' title='bbox 833 2020 977 2060; x_wconf 90' lang='lat' dir='ltr'><strong>vocat</strong></span> <span class='ocrx_word' id='word_1_150' title='bbox 1015 2009 1305 2072; x_wconf 92' lang='lat' dir='ltr'><strong>Berecyntia</strong></span> <span class='ocrx_word' id='word_1_151' title='bbox 1343 2009 1517 2058; x_wconf 91' lang='lat' dir='ltr'><strong>Matris</strong></span> 
     </span>
    </p>

    <p class='ocr_par' dir='ltr' id='par_1_24' title="bbox 144 2091 1809 2224">
     <span class='ocr_line' id='line_1_24' title="bbox 144 2091 1809 2152; baseline -0.002 -10"><span class='ocrx_word' id='word_1_152' title='bbox 144 2094 341 2152; x_wconf 87' lang='lat' dir='ltr'><strong>Idaeae,</strong></span> <span class='ocrx_word' id='word_1_153' title='bbox 381 2093 525 2142; x_wconf 87' lang='lat' dir='ltr'><strong>sinite</strong></span> <span class='ocrx_word' id='word_1_154' title='bbox 561 2110 696 2141; x_wconf 92' lang='lat' dir='ltr'><strong>arma</strong></span> <span class='ocrx_word' id='word_1_155' title='bbox 732 2092 844 2141; x_wconf 89' lang='lat' dir='ltr'><strong>viris</strong></span> <span class='ocrx_word' id='word_1_156' title='bbox 881 2101 930 2140; x_wconf 92' lang='lat' dir='ltr'><strong>et</strong></span> <span class='ocrx_word' id='word_1_157' title='bbox 966 2091 1127 2141; x_wconf 90' lang='lat' dir='ltr'><strong>cedite</strong></span> <span class='ocrx_word' id='word_1_158' title='bbox 1163 2093 1319 2139; x_wconf 89' lang='lat' dir='ltr'><strong>serro.&#39;</strong></span> <span class='ocrx_word' id='word_1_159' title='bbox 1729 2098 1809 2139; x_wconf 89' lang='lat'><strong>620</strong></span> 
     </span>
     <span class='ocr_line' id='line_1_25' title="bbox 209 2172 1367 2224; baseline -0.003 -2"><span class='ocrx_word' id='word_1_160' title='bbox 209 2175 351 2223; x_wconf 91' lang='lat' dir='ltr'><strong>Talia</strong></span> <span class='ocrx_word' id='word_1_161' title='bbox 386 2174 652 2224; x_wconf 88' lang='lat' dir='ltr'><strong>iactantem</strong></span> <span class='ocrx_word' id='word_1_162' title='bbox 689 2174 834 2223; x_wconf 88' lang='lat' dir='ltr'><strong>dictis</strong></span> <span class='ocrx_word' id='word_1_163' title='bbox 869 2190 929 2222; x_wconf 90' lang='lat' dir='ltr'><strong>ac</strong></span> <span class='ocrx_word' id='word_1_164' title='bbox 964 2172 1069 2222; x_wconf 92' lang='lat' dir='ltr'><strong>dira</strong></span> <span class='ocrx_word' id='word_1_165' title='bbox 1105 2181 1367 2221; x_wconf 91' lang='lat' dir='ltr'><strong>canentem</strong></span> 
     </span>
    </p>

    <p class='ocr_par' dir='ltr' id='par_1_25' title="bbox 142 2252 1472 2317">
     <span class='ocr_line' id='line_1_26' title="bbox 142 2252 1472 2317; baseline -0.002 -14"><span class='ocrx_word' id='word_1_166' title='bbox 142 2272 245 2304; x_wconf 92' lang='lat' dir='ltr'><strong>non</strong></span> <span class='ocrx_word' id='word_1_167' title='bbox 282 2256 390 2304; x_wconf 89' lang='lat' dir='ltr'><strong>tulit</strong></span> <span class='ocrx_word' id='word_1_168' title='bbox 426 2256 682 2316; x_wconf 91' lang='lat' dir='ltr'><strong>Ascanius,</strong></span> <span class='ocrx_word' id='word_1_169' title='bbox 724 2255 991 2317; x_wconf 88' lang='lat' dir='ltr'><strong>nervoque</strong></span> <span class='ocrx_word' id='word_1_170' title='bbox 1012 2255 1246 2303; x_wconf 90' lang='lat' dir='ltr'><strong>obversus</strong></span> <span class='ocrx_word' id='word_1_171' title='bbox 1289 2252 1472 2316; x_wconf 91' lang='lat' dir='ltr'><strong>equino</strong></span> 
     </span>
    </p>

    <p class='ocr_par' dir='ltr' id='par_1_26' title="bbox 141 2334 1365 2400">
     <span class='ocr_line' id='line_1_27' title="bbox 141 2334 1365 2400; baseline 0 -17"><span class='ocrx_word' id='word_1_172' title='bbox 141 2335 355 2386; x_wconf 92' lang='lat' dir='ltr'><strong>intendit</strong></span> <span class='ocrx_word' id='word_1_173' title='bbox 390 2339 543 2386; x_wconf 91' lang='lat' dir='ltr'><strong>telum</strong></span> <span class='ocrx_word' id='word_1_174' title='bbox 581 2337 873 2400; x_wconf 91' lang='lat' dir='ltr'><strong>diversaque</strong></span> <span class='ocrx_word' id='word_1_175' title='bbox 910 2334 1140 2384; x_wconf 90' lang='lat' dir='ltr'><strong>bracchia</strong></span> <span class='ocrx_word' id='word_1_176' title='bbox 1176 2336 1365 2383; x_wconf 91' lang='lat' dir='ltr'><strong>ducens</strong></span> 
     </span>
    </p>

    <p class='ocr_par' dir='ltr' id='par_1_27' title="bbox 142 2416 1538 2481">
     <span class='ocr_line' id='line_1_28' title="bbox 142 2416 1538 2481; baseline -0.001 -17"><span class='ocrx_word' id='word_1_177' title='bbox 142 2416 375 2476; x_wconf 89' lang='lat' dir='ltr'><strong>constitit,</strong></span> <span class='ocrx_word' id='word_1_178' title='bbox 409 2427 523 2466; x_wconf 92' lang='lat' dir='ltr'><strong>ante</strong></span> <span class='ocrx_word' id='word_1_179' title='bbox 562 2419 734 2466; x_wconf 90' lang='lat' dir='ltr'><strong>Iovem</strong></span> <span class='ocrx_word' id='word_1_180' title='bbox 771 2420 978 2481; x_wconf 87' lang='lat' dir='ltr'><strong>supplex</strong></span> <span class='ocrx_word' id='word_1_181' title='bbox 1012 2433 1100 2479; x_wconf 91' lang='lat' dir='ltr'><strong>per</strong></span> <span class='ocrx_word' id='word_1_182' title='bbox 1134 2425 1248 2464; x_wconf 91' lang='lat' dir='ltr'><strong>vota</strong></span> <span class='ocrx_word' id='word_1_183' title='bbox 1284 2424 1538 2478; x_wconf 90' lang='lat' dir='ltr'><strong>precatus:</strong></span> 
     </span>
    </p>

    <p class='ocr_par' dir='ltr' id='par_1_28' title="bbox 146 2496 1806 2560">
     <span class='ocr_line' id='line_1_29' title="bbox 146 2496 1806 2560; baseline 0 -17"><span class='ocrx_word' id='word_1_184' title='bbox 146 2497 396 2560; x_wconf 88' lang='lat' dir='ltr'><strong>‘Iuppiter</strong></span> <span class='ocrx_word' id='word_1_185' title='bbox 432 2496 760 2560; x_wconf 92' lang='lat' dir='ltr'><strong>omnipotens,</strong></span> <span class='ocrx_word' id='word_1_186' title='bbox 800 2498 1074 2546; x_wconf 91' lang='lat' dir='ltr'><strong>audacibus</strong></span> <span class='ocrx_word' id='word_1_187' title='bbox 1109 2498 1274 2545; x_wconf 92' lang='lat' dir='ltr'><strong>adnue</strong></span> <span class='ocrx_word' id='word_1_188' title='bbox 1310 2496 1512 2559; x_wconf 90' lang='lat' dir='ltr'><strong>coeptis.</strong></span> <span class='ocrx_word' id='word_1_189' title='bbox 1729 2503 1806 2555; x_wconf 85' lang='lat'><strong>625</strong></span> 
     </span>
    </p>

    <p class='ocr_par' dir='ltr' id='par_1_29' title="bbox 142 2576 1479 2642">
     <span class='ocr_line' id='line_1_30' title="bbox 142 2576 1479 2642; baseline 0.001 -18"><span class='ocrx_word' id='word_1_190' title='bbox 142 2576 247 2640; x_wconf 92' lang='lat' dir='ltr'><strong>ipse</strong></span> <span class='ocrx_word' id='word_1_191' title='bbox 284 2577 373 2626; x_wconf 88' lang='lat' dir='ltr'><strong>tibi</strong></span> <span class='ocrx_word' id='word_1_192' title='bbox 407 2580 472 2627; x_wconf 91' lang='lat' dir='ltr'><strong>ad</strong></span> <span class='ocrx_word' id='word_1_193' title='bbox 508 2588 592 2626; x_wconf 94' lang='lat' dir='ltr'><strong>tua</strong></span> <span class='ocrx_word' id='word_1_194' title='bbox 628 2581 813 2642; x_wconf 91' lang='lat' dir='ltr'><strong>templa</strong></span> <span class='ocrx_word' id='word_1_195' title='bbox 849 2581 1000 2628; x_wconf 90' lang='lat' dir='ltr'><strong>feram</strong></span> <span class='ocrx_word' id='word_1_196' title='bbox 1039 2578 1296 2627; x_wconf 89' lang='lat' dir='ltr'><strong>sollemnia</strong></span> <span class='ocrx_word' id='word_1_197' title='bbox 1332 2579 1479 2636; x_wconf 92' lang='lat' dir='ltr'><strong>dona,</strong></span> 
     </span>
    </p>

    <p class='ocr_par' dir='ltr' id='par_1_30' title="bbox 142 2659 1431 2709">
     <span class='ocr_line' id='line_1_31' title="bbox 142 2659 1431 2709; baseline 0 -4"><span class='ocrx_word' id='word_1_198' title='bbox 142 2666 191 2705; x_wconf 91' lang='lat' dir='ltr'><strong>et</strong></span> <span class='ocrx_word' id='word_1_199' title='bbox 227 2667 437 2706; x_wconf 90' lang='lat' dir='ltr'><strong>statuam</strong></span> <span class='ocrx_word' id='word_1_200' title='bbox 474 2669 589 2707; x_wconf 92' lang='lat' dir='ltr'><strong>ante</strong></span> <span class='ocrx_word' id='word_1_201' title='bbox 624 2676 731 2707; x_wconf 92' lang='lat' dir='ltr'><strong>aras</strong></span> <span class='ocrx_word' id='word_1_202' title='bbox 766 2670 935 2708; x_wconf 90' lang='lat' dir='ltr'><strong>aurata</strong></span> <span class='ocrx_word' id='word_1_203' title='bbox 970 2662 1130 2709; x_wconf 91' lang='lat' dir='ltr'><strong>fronte</strong></span> <span class='ocrx_word' id='word_1_204' title='bbox 1166 2659 1431 2707; x_wconf 87' lang='lat' dir='ltr'><strong>iuvencum</strong></span> 
     </span>
    </p>

    <p class='ocr_par' dir='ltr' id='par_1_31' title="bbox 141 2739 1566 2803">
     <span class='ocr_line' id='line_1_32' title="bbox 141 2739 1566 2803; baseline 0 -17"><span class='ocrx_word' id='word_1_205' title='bbox 141 2741 439 2788; x_wconf 88' lang='lat' dir='ltr'><strong>candentem</strong></span> <span class='ocrx_word' id='word_1_206' title='bbox 475 2739 752 2802; x_wconf 89' lang='lat' dir='ltr'><strong>pariterque</strong></span> <span class='ocrx_word' id='word_1_207' title='bbox 788 2750 935 2803; x_wconf 91' lang='lat' dir='ltr'><strong>caput</strong></span> <span class='ocrx_word' id='word_1_208' title='bbox 973 2758 1087 2790; x_wconf 93' lang='lat' dir='ltr'><strong>cum</strong></span> <span class='ocrx_word' id='word_1_209' title='bbox 1124 2750 1277 2788; x_wconf 92' lang='lat' dir='ltr'><strong>matre</strong></span> <span class='ocrx_word' id='word_1_210' title='bbox 1314 2742 1566 2797; x_wconf 89' lang='lat' dir='ltr'><strong>ferentem,</strong></span> 
     </span>
    </p>
   </div>
   <div class='ocr_carea' id='block_1_3' title="bbox 143 2865 1804 3028">
    <p class='ocr_par' dir='ltr' id='par_1_32' title="bbox 143 2865 1804 3028">
     <span class='ocr_line' id='line_1_33' title="bbox 197 2865 1804 2918; baseline -0.001 -12"><span class='ocrx_word' id='word_1_211' title='bbox 197 2869 389 2916; x_wconf 87' lang='lat'>598-628</span> <span class='ocrx_word' id='word_1_212' title='bbox 409 2867 540 2906; x_wconf 88' lang='lat' dir='ltr'><strong>MPR</strong></span> <span class='ocrx_word' id='word_1_213' title='bbox 777 2881 860 2918; x_wconf 89' lang='lat'><strong>599</strong></span> <span class='ocrx_word' id='word_1_214' title='bbox 892 2869 1017 2907; x_wconf 89' lang='lat' dir='ltr'><strong>Marti</strong></span> <span class='ocrx_word' id='word_1_215' title='bbox 1046 2868 1253 2906; x_wconf 77' lang='lat' dir='ltr'><strong>deten&#39;ores</strong></span> <span class='ocrx_word' id='word_1_216' title='bbox 1280 2867 1450 2918; x_wconf 82' lang='lat' dir='ltr'><strong>quidam</strong></span> <span class='ocrx_word' id='word_1_217' title='bbox 1471 2871 1508 2904; x_wconf 84' lang='lat' dir='ltr'><strong>et</strong></span> <span class='ocrx_word' id='word_1_218' title='bbox 1529 2868 1539 2888; x_wconf 81' lang='lat'><em>⁴</em></span> <span class='ocrx_word' id='word_1_219' title='bbox 1552 2865 1711 2916; x_wconf 83' lang='lat' dir='ltr'><strong>antiqui</strong></span> <span class='ocrx_word' id='word_1_220' title='bbox 1730 2866 1804 2904; x_wconf 82' lang='lat' dir='ltr'><strong>ali-</strong></span> 
     </span>
     <span class='ocr_line' id='line_1_34' title="bbox 143 2919 1803 2973; baseline 0 -14"><span class='ocrx_word' id='word_1_221' title='bbox 143 2921 259 2969; x_wconf 87' lang='lat' dir='ltr'><em>quot’</em></span> <span class='ocrx_word' id='word_1_222' title='bbox 291 2921 424 2972; x_wconf 81' lang='lat' dir='ltr'><strong>Pierii,</strong></span> <span class='ocrx_word' id='word_1_223' title='bbox 455 2922 603 2973; x_wconf 82' lang='lat' dir='ltr'><strong>probat</strong></span> <span class='ocrx_word' id='word_1_224' title='bbox 633 2922 779 2972; x_wconf 66' lang='lat' dir='ltr'><strong>Henrjy</strong></span> <span class='ocrx_word' id='word_1_225' title='bbox 887 2923 1149 2972; x_wconf 87' lang='lat' dir='ltr'><strong>protendere</strong></span> <span class='ocrx_word' id='word_1_226' title='bbox 1170 2921 1238 2959; x_wconf 69' lang='lat' dir='ltr'><strong>Ml</strong></span> <span class='ocrx_word' id='word_1_227' title='bbox 1457 2922 1540 2969; x_wconf 86' lang='lat'><strong>604</strong></span> <span class='ocrx_word' id='word_1_228' title='bbox 1569 2919 1803 2972; x_wconf 87' lang='lat' dir='ltr'><strong>saevoque]</strong></span> 
     </span>
     <span class='ocr_line' id='line_1_35' title="bbox 144 2973 1792 3028; baseline -0.001 -15"><span class='ocrx_word' id='word_1_229' title='bbox 144 2975 335 3024; x_wconf 86' lang='lat' dir='ltr'><strong>duroque</strong></span> <span class='ocrx_word' id='word_1_230' title='bbox 354 2975 453 3027; x_wconf 69' lang='lat' dir='ltr'><strong>P7⁶¹</strong></span> <span class='ocrx_word' id='word_1_231' title='bbox 620 2978 702 3015; x_wconf 89' lang='lat'><strong>610</strong></span> <span class='ocrx_word' id='word_1_232' title='bbox 731 2977 869 3028; x_wconf 86' lang='lat' dir='ltr'><strong>tarda]</strong></span> <span class='ocrx_word' id='word_1_233' title='bbox 892 2989 987 3015; x_wconf 86' lang='lat' dir='ltr'><strong>sera</strong></span> <span class='ocrx_word' id='word_1_234' title='bbox 1006 2976 1121 3016; x_wconf 79' lang='lat' dir='ltr'><strong>Serv.</strong></span> <span class='ocrx_word' id='word_1_235' title='bbox 1290 2977 1372 3025; x_wconf 85' lang='lat'><strong>623</strong></span> <span class='ocrx_word' id='word_1_236' title='bbox 1404 2975 1622 3014; x_wconf 89' lang='lat' dir='ltr'><strong>contendit</strong></span> <span class='ocrx_word' id='word_1_237' title='bbox 1644 2973 1792 3013; x_wconf 74' lang='lat' dir='ltr'><strong>Mvar</strong></span> 
     </span>
    </p>
   </div>
  </div>
 </body>
</html>
