2014 3372
259 145 315 192 P.
354 145 653 193 VERGILI
693 146 1021 194 MARONIS

256 287 559 350 verberaque
595 287 816 336 insonuit
852 286 1128 350 rabidoque
1164 289 1289 337 haec
1325 287 1521 338 addidit
1557 306 1671 339 ore:
1746 304 1750 307 ’

259 371 350 416 ‘en
387 385 479 431 ego
515 368 646 417 victa
683 368 792 428 situ,
833 385 984 431 quam
1021 368 1123 417 veri
1159 371 1305 418 effeta
1341 379 1571 419 senectus

254 466 390 497 arma
426 449 552 498 inter
588 466 759 513 regum
795 452 917 499 falsa
951 450 1218 500 formidine
1254 451 1380 500 ludit
1400 471 1413 513 3

254 530 443 594 respice
478 533 543 580 ad
580 533 733 580 haec:
782 534 960 581 adsum
998 531 1214 580 dirarum
1249 533 1315 581 ab
1351 535 1471 582 sede
1508 551 1749 594 sororum,

253 612 385 660 bella
421 629 572 661 manu
609 615 865 676 letumque
900 616 1045 677 gero.’

253 692 324 742 sic
361 695 507 742 effata
542 696 703 743 facem
740 693 906 743 iuveni
943 694 1157 744 coniecit
1193 705 1241 745 et
1276 705 1383 744 atro

251 774 440 823 lumine
476 775 711 824 fumantis
749 775 853 824 fixit
889 777 982 825 sub
1018 786 1219 840 pectore
1255 779 1438 826 taedas.

252 854 337 903 olli
373 872 607 904 somnum
644 856 817 920 ingens
854 857 1038 920 rumpit
1073 874 1239 921 pavor,
1278 875 1491 922 ossaque
1527 869 1576 908 et
1611 869 1744 909 artus

249 936 502 999 perfundit
539 947 645 986 toto
682 947 945 1001 proruptus
982 955 1188 1001 corpore
1225 941 1388 987 sudor.

249 1035 387 1067 arma
422 1036 594 1068 amens
631 1020 808 1079 fremit,
848 1037 985 1069 arma
1020 1029 1129 1068 toro
1166 1020 1409 1083 tectisque
1443 1021 1675 1086 requirit:

250 1099 404 1148 saevit
439 1118 580 1150 amor
615 1101 727 1150 ferri
763 1111 812 1150 et
849 1104 1085 1151 scelerata
1121 1101 1313 1150 insania
1347 1103 1480 1163 belli,

249 1182 319 1230 ira
357 1199 532 1245 super:
570 1199 753 1245 magno
790 1183 942 1231 veluti
980 1200 1095 1231 cum
1132 1185 1334 1231 flamma
1369 1200 1549 1233 sonore

248 1263 412 1327 virgea
449 1264 721 1327 suggeritur
757 1264 907 1312 costis
945 1263 1180 1313 undantis
1216 1264 1330 1312 aeni

248 1347 595 1409 exsultantque
631 1354 771 1394 aestu
809 1345 994 1406 latices,
1033 1345 1147 1394 furit
1183 1345 1316 1394 intus
1351 1346 1499 1409 aquai

247 1427 466 1475 fumidus
504 1436 654 1490 atque
690 1429 788 1476 alte
825 1427 1014 1490 spumis
1051 1428 1286 1476 exuberat
1321 1428 1496 1488 amnis,

247 1525 340 1556 nec
377 1508 476 1556 iam
510 1525 567 1561 ,se
603 1508 735 1572 capit
771 1510 921 1568 unda,
960 1510 1093 1557 volat
1128 1526 1280 1572 vapor
1314 1518 1418 1557 ater
1452 1511 1517 1558 ad
1552 1524 1706 1560 auras.

248 1606 364 1652 ergo
402 1589 492 1639 iter
527 1592 592 1639 ad
629 1606 794 1653 regem
831 1591 1022 1653 polluta
1057 1607 1180 1653 pace
1217 1590 1451 1638 Latinum

247 1670 422 1720 indicit
458 1671 628 1735 primis
666 1671 901 1720 iuvenum
939 1681 987 1721 et
1024 1671 1161 1720 iubet
1197 1688 1334 1720 arma
1369 1672 1539 1735 parari,

246 1752 393 1800 tutari
432 1752 642 1812 Italiam,
682 1754 945 1802 detrudere
983 1753 1165 1801 finibus
1202 1755 1398 1802 hostem
1415 1772 1430 1814 3

246 1851 299 1883 se
336 1834 453 1883 satis
489 1835 737 1883 ambobus
775 1834 1083 1897 Teucrisque
1120 1834 1286 1883 venire
1325 1835 1628 1899 Latinisque.

244 1918 368 1965 haec
405 1916 492 1965 ubi
529 1916 662 1965 dicta
699 1915 837 1965 dedit
875 1915 1117 1979 divosque
1154 1915 1204 1963 in
1241 1926 1357 1964 vota
1391 1917 1599 1977 vocavit,

244 1999 468 2047 certatim
505 2015 613 2047 sese
651 1997 826 2046 Rutuli
862 1999 1181 2046 exhortantur
1216 1997 1267 2045 in
1304 2015 1451 2046 arma.

244 2082 378 2128 hunc
416 2082 569 2129 decus
607 2078 857 2143 egregium
893 2081 1081 2128 formae
1118 2088 1285 2128 movet
1320 2088 1470 2142 atque
1506 2079 1748 2141 iuventae,

244 2163 379 2209 hunc
414 2161 544 2210 atavi
581 2178 732 2224 reges,
771 2162 906 2209 hunc
943 2160 1085 2209 claris
1123 2163 1324 2210 dextera
1358 2161 1512 2210 factis.

313 2246 449 2291 Dum
486 2246 685 2291 Turnus
724 2244 939 2291 Rutulos
976 2242 1154 2290 animis
1191 2242 1464 2291 audacibus
1500 2242 1687 2306 implet,

239 2327 435 2374 Allecto
471 2324 523 2372 in
559 2327 781 2373 Teucros
820 2323 996 2387 Stygiis
1035 2341 1087 2372 se
1125 2324 1342 2372 concitat
1376 2324 1478 2384 alis,

237 2416 340 2454 arte
377 2423 505 2454 nova
542 2408 795 2469 speculata
832 2407 1013 2465 locum,
1057 2423 1157 2468 quo
1195 2405 1336 2454 litore
1372 2407 1578 2468 pulcher

237 2487 427 2536 insidiis
465 2505 711 2550 cursuque
747 2490 872 2536 feras
912 2487 1128 2551 agitabat
1167 2489 1317 2536 Iulus.

237 2568 318 2617 hic
355 2569 570 2617 subitam
607 2568 815 2617 canibus
855 2569 1043 2618 rabiem
1085 2570 1292 2632 Cocytia
1327 2569 1462 2632 virgo

237 2650 390 2698 obicit
426 2660 474 2699 et
510 2659 632 2699 noto
669 2650 799 2699 naris
843 2650 1086 2714 contingit
1123 2653 1288 2710 odore,

236 2741 290 2779 ut
326 2748 525 2780 cervum
561 2734 791 2781 ardentes
833 2742 1068 2795 agerent3
1117 2749 1244 2795 quae
1281 2732 1438 2796 prima
1474 2733 1699 2782 laborum

1850 637 1930 678 455

1847 1032 1931 1086 460

1843 1438 1926 1492 465

1839 2262 1920 2306 475

1836 2664 1920 2713 480

289 2865 482 2913 451-469
505 2863 662 2911 FMR;
696 2865 883 2913 470-481
910 2862 1002 2901 MR
1143 2874 1221 2912 451
1246 2863 1480 2913 rapidoque
1500 2862 1601 2913 F7¹c
1708 2875 1790 2912 459
1819 2875 1914 2913 per·

235 2916 341 2955 fudit
357 2916 451 2955 Mal
540 2924 799 2968 praeruptus
812 2917 893 2966 F71
1006 2919 1087 2968 464
1110 2930 1246 2967 aquae
1262 2918 1326 2956 vis
1340 2915 1640 2968 FR7²a¹c²mn²
1653 2915 1890 2956 Macrobius
1905 2929 1916 2955 ε

234 2983 370 3019 aquae
391 2973 529 3011 amnis
556 2971 780 3023 Vergilium
803 2972 1008 3022 reliquisse
1025 2972 1122 3011 dicit
1139 2971 1253 3019 Serv.
1588 2972 1666 3021 481
1699 2970 1916 3024 laborum]

234 3025 439 3064 malorum
462 3025 561 3065 M²rr
