2014 3372
191 146 242 192 P.
283 145 582 194 VERGILI
622 146 949 195 MARONIS

187 302 366 349 agmen
403 285 513 349 agit,
555 285 697 335 densi
734 286 904 335 cuneis
940 303 993 335 se
1029 284 1240 351 quisque
1275 285 1459 337 coactis

188 370 543 431 adglomerant.
610 367 722 416 ferit
759 385 878 418 ense
913 386 1111 432 gravem
1147 369 1491 432 Thymbraeus
1530 366 1727 429 Osirim,

188 449 444 499 Arcetium
484 452 792 511 Mnestheus,
835 453 1118 514 Epulonem
1155 452 1419 500 obtruncat
1454 451 1672 500 Achates

190 532 527 593 erntemque
567 533 699 594 Gyas
718 550 732 592 3
779 531 913 580 cadit
947 531 1055 595 ipse
1091 531 1391 580 Tolumnius
1427 548 1594 595 augur,
1785 537 1869 591 460

188 612 374 675 primus
412 612 463 661 in
499 615 734 663 adversos
770 615 925 662 telum
962 613 1047 677 qui
1085 623 1290 662 torserat
1326 613 1495 663 hostis,

189 693 374 742 tollitur
409 694 461 742 in
498 696 692 743 caelum
729 697 929 755 clamor,
967 694 1194 758 versique
1229 693 1443 744 vicissim

190 777 533 838 pulverulenta
567 777 683 839 fuga
720 776 895 824 Rutuli
931 778 1053 825 dant
1089 785 1223 840 terga
1257 793 1344 839 per
1379 793 1533 839 agros,

190 855 296 920 ipse
332 873 496 919 neque
531 873 729 905 aversos
766 856 997 920 dignatur
1032 866 1247 906 sternere
1284 857 1430 906 morti

190 954 284 986 nec
319 939 448 1001 pede
485 955 776 1002 congressos
812 955 975 1002 aequo
1012 955 1105 987 nec
1141 940 1240 987 tela
1279 938 1478 987 ferentis
1787 944 1869 998 465

190 1018 496 1082 insequitur:
545 1021 708 1068 solum
745 1021 902 1068 densa
937 1019 989 1067 in
1025 1019 1234 1082 caligine
1269 1022 1496 1068 Turnum

191 1100 396 1164 vestigat
432 1102 657 1162 lustrans,
697 1104 860 1150 solum
897 1101 948 1149 in
985 1102 1254 1151 certamina
1290 1101 1463 1164 poscit.

262 1185 380 1231 Hoc
416 1200 660 1232 concussa
696 1192 833 1233 metu
870 1193 1091 1233 mentem
1130 1186 1336 1232 Iuturna
1371 1183 1537 1246 virago

191 1264 410 1328 aurigam
447 1265 604 1314 Turni
641 1265 808 1315 media
842 1266 970 1315 inter
1006 1268 1110 1315 lora
1148 1265 1417 1314 Metiscum

193 1346 374 1394 excutit
412 1355 460 1395 et
496 1348 643 1410 longe
679 1349 874 1410 lapsum
912 1356 1114 1396 temone
1150 1346 1394 1410 relinquit,
1789 1362 1871 1407 470

192 1426 298 1490 ipsa
335 1428 467 1476 subit
503 1428 835 1492 manibusque
872 1428 1108 1478 undantis
1145 1428 1297 1477 flectit
1332 1428 1552 1477 habenas

193 1518 372 1557 cuncta
407 1526 596 1571 gerens,
635 1527 915 1574 vocemque
951 1519 1000 1559 et
1037 1527 1216 1573 corpus
1246 1518 1301 1558 et
1337 1527 1472 1558 arma
1510 1506 1722 1557 Metisci.

193 1589 329 1653 nigra
365 1593 499 1639 velut
535 1608 739 1655 magnas
776 1591 969 1641 domini
1006 1608 1121 1640 cum
1158 1591 1323 1640 divitis
1358 1592 1508 1640 aedes

193 1673 413 1734 pervolat
450 1681 499 1720 et
534 1673 712 1735 pennis
748 1676 848 1722 alta
883 1673 1005 1722 atria
1041 1674 1213 1722 lustrat
1249 1672 1464 1722 hirundo

192 1753 375 1815 pabula
411 1771 560 1817 parva
595 1757 763 1818 legens
800 1755 1031 1818 nidisque
1067 1754 1361 1818 loquacibus
1398 1771 1548 1813 escas,
1789 1768 1870 1812 475

194 1843 243 1883 et
279 1851 413 1883 nunc
449 1835 722 1898 porticibus
759 1836 939 1895 vacuis,
981 1853 1115 1884 nunc
1151 1836 1322 1885 umida
1357 1835 1542 1884 circum

194 1924 366 1979 stagna
401 1926 572 1965 sonat:
617 1917 789 1966 similis
826 1916 1021 1966 medios
1059 1919 1266 1965 Iuturna
1300 1933 1388 1979 per
1424 1915 1579 1964 hostis

194 1999 345 2046 fertur
381 1998 522 2061 equis
559 1999 835 2063 rapidoque
871 2002 1043 2048 volans
1081 1999 1187 2049 obit
1222 1999 1392 2048 omnia
1426 2015 1583 2058 curru,

194 2079 394 2143 iamque
432 2080 513 2129 hic
548 2098 841 2144 germanum
878 2082 1077 2145 iamque
1113 2081 1194 2130 hic
1231 2088 1446 2130 ostentat
1482 2087 1714 2128 ovantem

194 2178 288 2209 nec
325 2163 547 2210 conferre
584 2180 789 2211 manum
826 2163 1019 2227 patitur,
1060 2165 1193 2211 volat
1228 2161 1337 2211 avia
1372 2164 1531 2224 longe.
1792 2168 1875 2219 480

194 2244 330 2291 haud
368 2242 531 2291 minus
568 2246 766 2292 Aeneas
803 2252 958 2292 tortos
995 2244 1112 2307 legit
1149 2243 1325 2292 obvius
1361 2241 1508 2301 orbis,

195 2323 505 2387 vestigatque
542 2324 700 2373 virum
738 2335 787 2375 et
824 2325 1031 2375 disiecta
1068 2342 1155 2388 per
1190 2324 1388 2387 agmina
1422 2339 1601 2386 magna

195 2423 319 2454 voce
355 2415 511 2454 vocat.
587 2406 818 2470 quotiens
856 2409 1028 2456 oculos
1066 2405 1280 2456 coniecit
1316 2405 1367 2453 in
1403 2407 1599 2452 hostem

195 2486 550 2550 alipedumque
587 2491 754 2551 fugam
791 2506 937 2537 cursu
974 2487 1233 2551 temptavit
1274 2502 1529 2550 equorum,

196 2585 392 2617 aversos
429 2569 610 2617 totiens
647 2586 815 2618 currus
855 2573 1062 2618 Iuturna
1097 2567 1301 2618 retorsit.
1791 2573 1871 2623 485

197 2650 308 2708 hen,
350 2649 471 2712 quid
506 2653 654 2712 agat?
701 2651 836 2699 vario
873 2651 1178 2714 nequiquam
1215 2651 1421 2698 fluctuat
1455 2655 1609 2706 aestu,

198 2729 518 2793 diversaeque
554 2741 735 2780 vocant
770 2731 993 2780 animum
1030 2731 1081 2779 in
1118 2730 1361 2780 contraria
1396 2744 1553 2777 curae.

252 2860 443 2909 457-487
466 2859 597 2898 MPR
606 2860 645 2897 V
856 2873 935 2910 457
967 2861 1103 2900 coacti
1126 2859 1193 2898 Μ)
1354 2859 1433 2907 464
1462 2857 1666 2896 adversos
1685 2852 1875 2904 Mqum

199 2925 281 2961 470
312 2913 514 2963 relinquit
536 2913 671 2953 M-·V:
704 2915 873 2965 reliquit
894 2914 1121 2966 M¹PR7bc
1227 2927 1308 2965 479
1337 2911 1525 2952 ostendit
1549 2908 1704 2948 M¹bc¹u
1792 2908 1870 2955 481

201 2972 314 3006 totos
341 2967 381 3004 V
539 2971 617 3016 482
649 2970 820 3021 magna]
842 2970 971 3019 longa
991 2970 1155 3019 Bentley
1333 2970 1412 3017 485
1443 2967 1647 3005 adversos
1667 2960 1818 3013 M²7cn
