2014 3372
235 186 287 233 P.
328 185 627 234 VERGILI
668 185 994 234 MARONIS

233 325 423 389 effugia,
465 334 513 374 et
550 327 748 387 culpam
786 326 917 372 hane
953 323 1245 373 miserorum
1284 334 1442 374 morte
1476 324 1728 389 piabunt.'
1831 323 1908 388 14³0

232 409 370 470 quod
406 416 454 455 te
490 423 577 469 per
613 422 816 469 superos
854 414 902 454 et
939 406 1139 454 conscia
1175 406 1382 455 numina
1417 406 1530 466 veri,

231 505 318 552 per
354 487 394 536 si
431 504 529 551 qua
566 496 638 536 est
676 504 804 550 quae
840 496 988 536 restet
1024 489 1189 536 adhuc
1227 488 1516 536 mortalibus
1552 504 1763 552 usquam

229 568 521 618 intemerata
557 570 694 628 fideS‚
735 585 836 628 oro,
877 567 1107 617 miserere
1144 569 1369 617 laborum

230 659 493 709 tantorum,
534 649 764 698 miserere
800 649 953 698 animi
990 666 1092 698 non
1130 649 1278 713 digna
1314 650 1543 700 ferentis.'

300 732 402 780 Hic
438 731 650 780 lacrimis
687 731 839 780 vitam
876 734 1053 781 damus
1091 741 1140 780 et
1176 732 1536 781 miserescimus
1574 734 1714 782 ultro.
1829 745 1905 794 14'5

229 814 334 878 ipse
371 813 474 863 viro
511 813 697 877 primus
736 814 955 863 manicas
992 823 1142 877 atque
1178 823 1281 863 arta
1316 814 1465 863 levari

229 896 390 945 vincla
426 896 564 945 iubet
601 896 824 944 Priamus
862 896 1107 959 dictisque
1145 896 1211 944 ita
1247 898 1374 944 fatur
1410 896 1610 946 amicis:

232 977 481 1041 ‘quisquis
518 994 570 1026 es
609 977 836 1043 (amissos
874 978 990 1026 hinc
1026 977 1125 1026 iam
1163 978 1452 1027 obliviscere
1490 977 1686 1042 Graios)

228 1068 396 1108 noster
432 1058 523 1108 eris
542 1078 555 1120 3
594 1058 816 1122 mihique
853 1061 976 1108 haec
1015 1059 1229 1109 edissere
1265 1077 1378 1108 vera
1415 1059 1633 1123 roganti:

228 1157 329 1204 quo
360 1142 544 1190 molem
574 1142 704 1189 hanc
734 1140 963 1189 immanis
995 1140 1109 1204 equi
1143 1143 1392 1190 statuere?
1432 1140 1540 1204 quis
1570 1142 1778 1189 auctor?
1831 1161 1907 1201 150

228 1221 410 1285 quidve
446 1224 660 1285 petunt?
703 1239 831 1285 quae
867 1222 1078 1286 religio?
1118 1232 1203 1270 aut
1240 1239 1368 1285 quae
1405 1221 1635 1270 machina
1672 1220 1855 1270 belli?'

227 1303 426 1352 dixerat.
501 1304 582 1352 ille
620 1303 747 1353 dolis
785 1303 1051 1352 instructus
1090 1314 1138 1352 et
1173 1313 1275 1353 arte
1314 1306 1518 1368 Pelasga

227 1385 422 1433 sustulit
459 1394 627 1434 exutas
665 1384 838 1433 vinclis
876 1387 941 1434 ad
978 1385 1139 1434 sidera
1174 1387 1393 1448 palmas:

230 1472 347 1516 ‘vos
384 1467 570 1516 aeterni
607 1467 757 1531 ignes,
799 1476 847 1516 et
885 1484 987 1516 non
1023 1467 1254 1516 violabile
1291 1476 1507 1516 vestrum

226 1558 378 1599 testor
415 1551 631 1608 numen,'
669 1549 747 1608 ait,
794 1554 907 1598 ‘vos
944 1566 1056 1598 arae
1093 1566 1336 1612 ensesque
1373 1547 1589 1609 nefandi,
1827 1569 1902 1611 ¹55

226 1649 351 1696 quos
389 1632 501 1695 fugi,
542 1632 792 1694 vittaeque
830 1633 994 1691 deum,
1036 1649 1158 1695 quas
1195 1631 1356 1680 hostia
1392 1631 1551 1695 gessi:

225 1716 297 1762 fas
336 1714 456 1762 mihi
495 1713 755 1762 Graiorum
794 1722 981 1762 sacrata
1018 1715 1259 1762 resolvere
1296 1713 1411 1772 iura,

224 1799 295 1845 fas
335 1797 499 1846 odisse
536 1795 663 1844 viros
701 1805 850 1858 atque
888 1795 1056 1843 omnia
1093 1797 1215 1844 ferre
1254 1795 1345 1843 sub
1382 1811 1537 1853 auras,

223 1877 263 1926 si
303 1894 400 1940 qua
436 1886 640 1940 tegunt3
688 1885 860 1924 teneor
895 1876 1080 1939 patriae
1117 1893 1211 1924 nec
1249 1875 1437 1939 legibus
1474 1875 1597 1924 ullis.

224 1967 278 2007 tu
316 1959 469 2007 modo
506 1957 758 2020 promissis
796 1974 996 2006 maneas
1036 1966 1325 2019 servataque
1363 1973 1523 2005 serves
1814 1944 1903 2006 '160

224 2039 374 2088 Troia
411 2040 575 2098 fidem,
617 2038 655 2086 si
693 2055 806 2087 vera
841 2040 1007 2097 feram,
1051 2038 1090 2087 si
1128 2055 1307 2101 magna
1343 2040 1626 2100 rependam.
1884 2023 1889 2027 ”

222 2121 383 2170 omnis
422 2138 533 2185 spes
574 2123 806 2169 Danaum
844 2130 892 2169 et
930 2120 1094 2183 coepti
1133 2120 1315 2169 fiducia
1352 2120 1468 2169 belli

223 2202 436 2251 Palladis
474 2202 663 2250 auxiliis
704 2219 898 2265 semper
937 2201 1082 2250 stetit.
1160 2202 1340 2265 impius
1378 2219 1437 2250 ex
1473 2219 1574 2265 quo

220 2283 442 2347 Tydides
479 2285 567 2332 sed
605 2283 737 2331 enim
778 2285 1121 2346 scelerumque
1161 2283 1388 2332 inventor
1423 2283 1590 2332 Vlixes

221 2366 366 2413 fatale
402 2363 619 2428 adgressi
658 2373 846 2412 sacrato
887 2366 1096 2413 avellere
1135 2367 1322 2428 templo
1826 2371 1899 2427 165

223 2446 499 2495 Palladium
535 2445 689 2494 caesis
729 2463 953 2495 summae
993 2447 1284 2495 custodibus
1321 2446 1444 2495 arcis
1755 2447 1758 2450 ’

222 2527 498 2589 corripuere
536 2544 724 2575 sacram
766 2527 976 2592 effigiem
1016 2528 1346 2591 manibusque
1383 2526 1596 2576 cruentis

221 2607 460 2670 virgineas
497 2608 603 2656 ausi
641 2609 784 2658 divae
826 2609 1112 2672 contingere
1148 2609 1324 2658 vittas:

222 2704 287 2737 ex
323 2689 407 2737 illo
445 2692 595 2739 fluere
633 2708 691 2739 ac
731 2701 859 2740 retro
898 2692 1130 2754 sublapsa
1167 2689 1330 2739 referri

223 2787 333 2833 spes
373 2774 616 2831 Danaum,
661 2775 841 2822 fractae
878 2772 1015 2831 vires,
1053 2789 1222 2820 aversa
1257 2774 1381 2821 deae
1417 2788 1570 2820 mens.
1826 2789 1900 2831 170

281 2913 465 2950 140-157
490 2900 605 2949 MP3
642 2902 829 2950 158-169
850 2899 1003 2948 MPV3
1039 2913 1115 2949 170
1135 2899 1307 2938 FMPV
1517 2911 1592 2948 142
1622 2903 1755 2938 restat
1776 2898 1898 2939 Mlbn

222 2967 420 3004 umquam
462 2954 516 2992 M
719 2968 795 3005 154
826 2953 1035 3005 vestrum]
1066 2955 1226 2994 Vestae
1255 2953 1486 2992 Markland
1668 2966 1744 3003 170
1772 2953 1896 3006 spes]

223 3021 291 3048 res
311 3009 481 3048 Kvib‘ala
