2014 3372
1338 155 1699 205 AENEIDOS
1738 156 1815 203 IX

144 302 295 356 atque
329 292 550 342 animum
586 292 771 357 patriae
807 291 997 341 strinxit
1032 292 1227 356 pietatis
1264 291 1439 355 imago.

144 382 252 422 tum
288 373 358 422 sic
393 376 592 422 effatur:

150 457 371 518 ‘sponde
407 456 555 518 digna
590 455 686 504 tuis
723 455 1005 519 ingentibus
1042 455 1211 504 omnia
1245 455 1448 519 coeptis.

143 552 360 598 namque
396 535 484 584 erit
518 535 612 585 ista
646 536 769 585 mihi
803 536 1022 599 genetrix
1057 553 1342 599 nomenque
1379 538 1596 586 Creusae

143 618 306 665 solum
341 617 562 677 defuerit,
604 634 697 665 nec
733 627 929 681 parturn
965 617 1118 680 gratia
1153 620 1303 665 talem

143 714 291 760 parva
326 707 504 747 manet.
578 716 720 747 casus
756 700 942 747 factum
983 698 1286 761 quicumque
1322 708 1604 761 sequentur,

142 795 230 847 per
265 788 413 841 caput
446 781 543 828 hoc
579 779 699 839 iuro,
738 796 826 842 per
860 781 998 843 quod
1033 788 1175 843 paterv
1204 789 1320 828 ante
1357 781 1576 829 solebat:

142 876 270 922 quae
306 859 395 908 tibi
429 860 665 923 polliceor
700 860 870 910 reduci
905 862 1151 924 rebusque
1188 861 1434 921 secundiS,

141 941 265 990 haec
301 943 476 989 eadem
513 941 755 1005 matrique
791 951 906 991 tuae
940 942 1207 1006 generique
1242 943 1548 991 manebunt!

141 1021 211 1070 sic
245 1022 313 1070 ait
348 1022 660 1071 inlacrimans
678 1042 691 1084 3
740 1040 912 1072 umero
948 1023 1095 1072 simul
1129 1023 1263 1072 exuit
1297 1040 1470 1073 ensem

138 1114 376 1164 auratum,
415 1104 536 1153 mira
572 1122 721 1168 quem
757 1108 938 1154 fecerat
972 1116 1075 1155 arte
1111 1108 1313 1169 Lycaon

140 1185 356 1234 Gnosius
392 1195 540 1248 atque
576 1187 795 1235 habilem
830 1187 1006 1250 vagina
1041 1197 1229 1250 aptarat
1264 1188 1465 1237 eburna.

138 1267 222 1314 dat
260 1266 385 1315 Niso
423 1269 717 1316 Mnestheus
754 1270 934 1331 pellem
971 1269 1314 1332 horrentisque
1349 1269 1508 1318 leonis

137 1348 347 1408 exuvias,
386 1351 576 1412 galeam
613 1351 743 1399 fidus
779 1359 1026 1414 permutat
1061 1353 1243 1400 Aletes.

135 1429 567 1492 protinusarmati
603 1430 843 1479 incedunt
860 1450 875 1491 ,·
921 1448 1047 1494 quos
1084 1432 1245 1480 omnis
1282 1432 1443 1481 euntis

134 1509 403 1572 primorum
439 1527 615 1558 manus
651 1512 716 1560 ad
751 1521 928 1573 portas,
969 1511 1304 1575 iuvenumque
1340 1529 1630 1576 senumque,

133 1590 444 1653 prosequitur
478 1591 617 1640 votis.
693 1609 785 1640 nec
822 1610 924 1641 non
961 1601 1009 1640 et
1044 1594 1250 1655 pulcher
1287 1595 1438 1652 Iulus,

132 1680 246 1719 ante
282 1688 439 1720 annos
474 1671 799 1735 animumque
835 1689 1008 1735 gerens
1044 1690 1313 1736 curamque
1349 1673 1551 1733 virilem,

133 1756 287 1802 multa
322 1754 447 1816 patri
483 1757 718 1803 mandata
754 1756 904 1804 dabat
940 1758 1218 1819 portanda3
1271 1758 1360 1805 sed
1395 1773 1542 1806 aurae

132 1834 300 1882 omnia
335 1835 620 1898 discerpunt
657 1845 706 1884 et
742 1836 958 1885 nubibus
995 1836 1139 1885 inrita
1175 1839 1377 1886 donant.

200 1914 395 1977 Egressi
431 1926 663 1979 superant
700 1918 855 1965 fossas
892 1916 1153 1979 noctisque
1189 1934 1276 1980 per
1311 1918 1539 1966 umbram

130 2003 287 2043 castra
322 1994 521 2043 inimica
557 2005 745 2058 petunt,
786 1997 952 2044 multis
990 2006 1156 2045 tamen
1191 2007 1307 2046 ante
1342 1998 1491 2047 futuri

129 2075 289 2124 exitio.
363 2076 547 2138 passim
584 2094 762 2126 somno
797 2078 1013 2140 vinoque
1048 2095 1135 2141 per
1170 2079 1375 2127 herbam

129 2173 334 2219 corpora
370 2159 477 2205 fusa
513 2157 696 2218 vident,
736 2167 949 2207 arrectos
986 2158 1126 2207 litore
1162 2175 1343 2219 currus,
1375 2176 1378 2178 ·

128 2235 254 2285 inter
289 2239 392 2286 lora
427 2247 657 2301 rotasque
692 2239 834 2298 viros,
876 2238 1022 2287 simul
1057 2256 1192 2288 arma
1227 2240 1399 2301 iacere,

127 2316 240 2365 vina
276 2318 433 2367 simul.
508 2320 638 2383 prior
675 2319 973 2383 Hyrtacides
1009 2320 1079 2369 sic
1116 2338 1199 2370 ore
1235 2323 1458 2370 locutus:

131 2400 382 2460 ‘Euryale,
421 2402 710 2450 audendum
748 2403 945 2450 dextra:
1005 2419 1139 2450 nunc
1175 2401 1282 2464 ipsa
1316 2412 1461 2451 vocat
1496 2420 1585 2451 res.

127 2478 220 2525 hac
256 2478 345 2527 iter
381 2489 466 2528 est.
542 2490 608 2541 tu,
648 2499 712 2530 ne
748 2499 847 2544 qua
882 2499 1058 2530 manus
1095 2499 1147 2530 se
1182 2484 1404 2532 attollere
1445 2483 1591 2533 nobis

126 2574 156 2605 a
190 2567 325 2621 tergo
361 2561 529 2623 possit,
569 2562 765 2611 custodi
802 2571 850 2611 et
886 2565 1089 2611 consule
1126 2565 1270 2626 longe
1290 2582 1304 2624 3

126 2639 249 2686 haec
286 2657 378 2702 ego
414 2651 551 2690 vasta
585 2644 720 2692 dabo
756 2653 804 2692 et
841 2646 940 2692 lato
978 2653 1027 2693 te
1063 2643 1218 2693 limite
1253 2646 1465 2693 ducam.'

125 2718 195 2766 sic
232 2730 472 2769 memorat
508 2739 783 2786 vocemque
820 2724 1009 2787 premit,
1053 2725 1198 2773 simul
1236 2742 1352 2773 ense
1389 2726 1657 2786 superbum

126 2800 460 2849 Rhamnetem
495 2803 790 2865 adgreditur,
831 2804 916 2867 qui
953 2807 1076 2854 forte
1113 2806 1360 2869 tapetibus
1396 2806 1504 2854 altis

123 2888 395 2930 exstructus
432 2891 538 2932 toto
574 2884 816 2947 proflabat
851 2894 1051 2948 pectore
1087 2903 1331 2947 somnum,

1738 394 1810 434 ²95

1733 801 1811 840 300

1729 1207 1805 1249 305

1725 1613 1804 1653 310

1721 2019 1798 2059 315

1717 2424 1797 2463 320

1714 2827 1787 2869 325

178 3013 368 3060 294—326
387 3011 518 3051 MPR
730 3015 811 3065 296
838 3017 1030 3065 spondeo
1050 3014 1190 3056 a¹cmrr
1337 3031 1420 3069 299
1448 3025 1653 3068 sequetur
1672 3019 1736 3059 Pb
