2014 3372
246 137 298 184 P.
339 136 638 185 VERGILI
679 135 1005 185 MARONIS

244 292 337 324 nec
373 275 442 324 sic
479 275 710 324 immissis
745 274 941 339 aurigae
978 273 1218 324 undantia
1252 275 1356 323 lora

243 374 538 406 concussere
574 357 698 420 iugis
735 356 978 420 pronique
1013 356 1065 404 in
1099 357 1302 406 verbera
1338 357 1572 420 pendent.

243 447 348 486 tum
385 440 560 502 plausu
596 438 894 502 fremituque
929 438 1087 487 virum
1123 437 1398 501 studiisque
1434 440 1688 487 faventum

241 529 484 568 consonat
520 537 671 568 omne
707 536 898 579 nemus,
937 536 1213 582 vocemque
1249 519 1440 567 inclusa
1474 520 1698 568 volutant

241 600 393 661 litora,
434 601 615 664 pulsati
652 603 803 650 colles
840 602 1055 650 clamore
1091 602 1340 649 resultant.
1837 620 1917 661 150

311 682 496 746 Effugit
532 692 647 731 ante
683 682 807 731 alios
844 682 1114 746 primisque
1151 681 1361 731 elabitur
1396 681 1543 731 undis

240 766 435 814 turbam
471 765 598 814 inter
633 765 984 828 fremitumque
1021 767 1152 827 Gyas
1170 783 1183 826 3
1232 781 1381 827 quem
1418 763 1602 813 deinde
1639 764 1916 814 Cloanthus

239 846 570 910 consequitur,
611 847 785 896 melior
821 846 981 906 remis,
1021 847 1109 895 sed
1145 847 1366 909 pondere
1401 845 1547 908 pinus

238 931 378 978 tarda
414 938 561 978 tenet.
635 939 749 992 post
784 930 876 978 hos
912 945 1075 991 aequo
1112 927 1395 977 discrimine
1432 927 1599 976 Pristis

240 1013 620 1075 Centaurusque
656 1013 823 1060 locum
867 1013 1079 1061 tendunt
1116 1027 1345 1074 superare
1379 1010 1626 1074 priorem3
1836 1030 1912 1071 155

238 1102 287 1142 et
324 1111 458 1143 nunc
495 1094 664 1143 Pristis
702 1095 866 1156 habet,
906 1111 1041 1143 nunc
1077 1093 1259 1142 victam
1295 1092 1524 1156 praeterit
1559 1092 1732 1156 ingens

237 1177 530 1237 Centaurus,
569 1194 704 1226 nunc
740 1195 840 1226 una
875 1178 1055 1226 ambae
1090 1175 1372 1239 iunctisque
1407 1177 1628 1223 feruntur

236 1257 480 1307 frontibus
517 1267 565 1307 et
602 1260 749 1322 longa
785 1260 978 1307 sulcant
1014 1260 1143 1308 vada
1178 1259 1304 1306 salsa
1341 1256 1519 1306 carina.

237 1340 436 1404 iamque
472 1340 875 1405 propinquabant
913 1344 1119 1405 scopulo
1157 1352 1442 1406 metamque
1478 1342 1715 1391 tenebant

236 1439 351 1471 cum
390 1423 618 1485 princeps
656 1423 924 1486 medioque
962 1426 1093 1486 Gyas
1130 1424 1181 1472 in
1216 1425 1405 1488 gurgite
1440 1424 1596 1474 victor
1835 1430 1915 1473 160

237 1514 479 1554 rectorem
516 1504 653 1554 navis
692 1507 958 1568 compellat
994 1523 1117 1555 voce
1156 1510 1459 1557 Menoeten:

238 1590 366 1649 ‘quo
403 1595 597 1635 tantum
634 1585 757 1634 mihi
793 1588 963 1635 dexter
997 1587 1145 1636 abis?
1192 1590 1291 1637 huc
1327 1588 1493 1651 derige
1528 1605 1749 1651 gressum
1765 1605 1781 1650 3

234 1666 348 1716 litus
384 1684 498 1716 ama
533 1676 582 1717 et
617 1669 756 1716 laeva
793 1667 996 1731 stringat
1032 1668 1138 1718 sine
1174 1671 1392 1732 palmula
1427 1678 1595 1718 cautes
1612 1688 1626 1731 3

233 1751 388 1798 altum
425 1749 507 1798 alii
543 1752 774 1798 teneant.’
845 1750 966 1799 dixit
986 1769 1000 1812 3
1037 1752 1126 1800 sed
1162 1768 1311 1800 caeca
1349 1754 1610 1801 Menoetes

233 1847 347 1879 saxa
384 1831 563 1880 timens
600 1849 795 1895 proram
833 1832 993 1895 pelagi
1030 1834 1293 1896 detorquet
1328 1834 1393 1883 ad
1429 1834 1601 1882 undas.
1831 1838 1908 1894 165

237 1916 367 1975 ‘quo
405 1912 625 1962 diversus
662 1913 769 1961 abis
790 1915 840 1961 ?'
889 1913 1067 1961 iterum
1109 1917 1248 1977 ‘pete
1285 1931 1413 1973 saxa,
1455 1916 1692 1963 Menoe-te
1716 1914 1756 1964 !'

232 2011 347 2042 cum
385 1996 600 2043 clamore
638 1997 769 2057 Gyas
807 1995 1082 2054 revocabat,
1124 2005 1172 2044 et
1209 2012 1326 2045 ecce
1363 1997 1667 2046 Cloanthum

231 2075 429 2140 respicit
466 2076 732 2125 instantem
770 2086 906 2140 tergo
943 2086 992 2126 et
1029 2077 1258 2140 propiora
1300 2086 1566 2127 tenentem.

231 2157 312 2206 ille
348 2158 474 2207 inter
511 2175 789 2222 navemque
827 2161 964 2221 Gyae
1001 2161 1334 2223 scopulosque
1371 2158 1591 2208 sonantis

230 2240 356 2289 radit
392 2239 482 2288 iter
517 2242 712 2289 laevum
750 2240 951 2289 interior
988 2240 1254 2305 subitoque
1292 2241 1505 2305 priorem
1831 2258 1910 2303 170

229 2322 459 2386 praeterit
496 2331 543 2370 et
581 2321 723 2370 metis
761 2331 896 2371 tenet
933 2339 1149 2386 aequora
1187 2332 1293 2372 tuta
1327 2322 1519 2372 relictis.

229 2413 335 2452 tum
372 2420 487 2452 vero
524 2403 700 2452 exarsit
736 2403 900 2453 iuveni
938 2405 1081 2453 dolor
1118 2404 1312 2454 ossibus
1348 2404 1522 2469 ingens

229 2502 322 2533 nec
358 2484 569 2533 lacrimis
606 2502 804 2534 caruere
839 2502 1010 2548 genae,
1051 2503 1353 2550 segnemque
1392 2489 1664 2535 Menoeten

228 2566 411 2615 oblitus
449 2566 742 2629 decorisque
780 2566 856 2615 sui
894 2567 1187 2631 sociumque
1224 2567 1393 2617 salutis

228 2646 278 2695 in
316 2664 448 2696 mare
485 2646 803 2711 praecipitem
841 2648 997 2712 puppi
1035 2649 1264 2698 deturbat
1301 2645 1499 2697 ab'alta
1519 2666 1533 2709 3
1827 2663 1902 2709 175

227 2727 332 2791 ipse
368 2729 668 2791 gubernaclo
705 2738 864 2778 rector
900 2729 1044 2789 subit,
1088 2730 1193 2794 ipse
1230 2730 1460 2793 magister

286 2860 473 2908 146-158
511 2858 707 2908 FMPR3
769 2860 958 2909 159-176
997 2858 1128 2897 MPR
1382 2872 1457 2910 154
1488 2859 1645 2911 aequo]
1677 2858 1818 2909 aliquo
1846 2859 1903 2898 F¹

232 2913 308 2960 158
337 2913 464 2962 longe
476 2913 684 2953 detem‘ores
757 2914 929 2953 carinae
945 2912 1052 2954 F12r:
1075 2914 1229 2963 longae
1251 2944 1260 2953 .
1285 2944 1293 2953 .
1316 2944 1325 2953 .
1349 2915 1519 2953 carinae
1532 2913 1648 2953 Serv.
1673 2913 1732 2952 ad
1747 2914 1802 2953 iii.
1820 2925 1902 2964 495

232 2969 308 3004 162
329 2967 466 3017 dirige
483 2966 603 3006 Mbcn·
676 2969 891 3020 gressum]
906 2980 1073 3007 cursum
1086 2968 1226 3006 M²bcrr
1239 2967 1389 3008 Seneca
1500 2969 1576 3017 163
1598 2967 1740 3007 laevas
1753 2966 1907 3019 R7²b²c
