2014 3372
1392 133 1754 183 AENEIDOS
1791 133 1840 181 X

170 273 416 323 Caeculus
452 282 501 322 et
535 271 739 322 veniens
777 274 1060 322 Marsorum
1101 271 1355 322 montibus
1390 272 1597 321 Vmbro.

170 354 481 404 Dardanides
518 363 689 403 contra
724 354 851 403 furit.
925 354 1139 403 Anxuris
1177 372 1295 404 ense
1331 353 1578 403 sinistram
1758 358 1837 413 545

168 445 217 485 et
252 445 413 485 totum
449 435 595 500 clipei
630 437 757 485 ferro
784 435 1029 485 deiecerat
1067 437 1240 485 orbern

169 518 376 585 (dixerat
412 519 494 568 ille
528 519 717 583 aliquid
753 536 989 582 magnum
1023 518 1225 582 vimque
1259 521 1431 568 adfore
1465 518 1618 568 verbo

168 602 456 662 crediderat,
496 604 735 665 caeloque
769 601 989 650 animum
1028 603 1234 650 fortasse
1268 601 1457 650 ferebat

170 684 503 747 canitiemque
540 684 634 733 sibi
670 693 718 733 et
754 686 927 747 longos
963 683 1254 747 promiserat
1288 681 1499 747 annos):

149 759 454 830 *Tarquitus
474 766 721 814 exsultans
759 774 930 813 contra
965 764 1268 828 fulgentibus
1304 763 1465 823 armis,
1758 782 1841 821 550

168 847 417 896 silvicolae
454 850 628 895 Fauno
665 849 866 909 Dryope
902 863 1052 909 quem
1089 848 1309 910 nympha
1344 854 1544 905 crearat,

169 929 345 979 obvius
382 929 574 978 ardenti
611 946 718 977 sese
755 928 946 977 obtulit.
1023 927 1105 976 ille
1140 930 1345 977 reducta

169 1011 373 1060 loricam
410 1010 655 1074 clipeique
690 1009 864 1074 ingens
901 1027 1027 1058 onus
1064 1008 1273 1072 impedit
1308 1010 1462 1068 hasta,

169 1102 277 1141 tum
314 1101 460 1155 caput
496 1091 679 1140 orantis
715 1091 1019 1154 nequiquam
1057 1100 1105 1139 et
1141 1093 1296 1139 multa
1331 1088 1548 1153 parantis

171 1173 337 1223 dicere
373 1174 602 1222 deturbat
638 1182 806 1231 terrae,
846 1182 1177 1235 truncumque
1213 1180 1467 1234 tepentem
1759 1187 1840 1229 555

170 1257 465 1320 provolvens
503 1272 649 1319 super
685 1257 809 1304 haec
845 1253 1048 1302 inimico
1084 1262 1285 1317 pectore
1322 1255 1478 1301 fatur:
1612 1253 1614 1255 ’

176 1337 312 1386 ‘istic
347 1354 494 1397 nunc,
535 1338 816 1396 metuende,
856 1336 974 1385 iace.
1047 1352 1151 1384 non
1187 1344 1235 1384 te
1271 1334 1460 1398 optima
1495 1342 1652 1383 mater

172 1421 357 1469 condet
391 1418 531 1467 humi
567 1418 826 1482 patrioque
862 1417 1088 1466 onerabit
1124 1417 1347 1465 membra
1383 1417 1638 1479 sepulcro:

171 1500 368 1550 alitibus
404 1500 627 1563 linquere
663 1499 788 1559 feris,
827 1508 914 1547 aut
948 1498 1136 1562 gurgite
1173 1514 1390 1547 mersum

173 1585 310 1632 unda
346 1584 467 1631 feret
502 1581 763 1645 piscesque
799 1579 997 1643 impasti
1033 1581 1236 1627 vulnera
1270 1579 1522 1627 lambent.’
1762 1583 1844 1636 560

173 1664 396 1728 protinus
434 1667 683 1712 Antaeum
720 1672 769 1711 et
806 1665 1009 1721 Lucam,
1049 1661 1207 1725 prima
1241 1660 1439 1724 agmina
1473 1658 1644 1719 Turni,

174 1745 493 1809 persequitur,
532 1747 811 1807 fortemque
848 1745 1067 1792 Numam
1103 1744 1393 1805 fulvumque
1429 1743 1727 1800 Camertem,

174 1826 493 1890 magnanimo
530 1827 774 1874 Volcente
811 1834 986 1884 satum,
1026 1823 1297 1873 ditissimus
1333 1822 1434 1886 agri

174 1907 260 1971 qui
295 1907 385 1956 fuit
421 1907 737 1956 Ausonidum
774 1915 823 1955 et
857 1905 1017 1954 tacitis
1052 1904 1272 1968 regnavit
1306 1903 1541 1966 Amyclis.

175 1992 411 2052 Aegaeon
448 1988 618 2051 qualis,
661 1996 863 2035 centum
900 1985 981 2034 cui
1016 1984 1247 2034 bracchia
1282 1984 1456 2034 dicunt
1764 1989 1844 2043 565

176 2079 510 2132 centenasque
546 2084 737 2126 manus,
778 2064 1137 2129 quinquaginta
1171 2064 1339 2113 oribus
1374 2063 1540 2127 ignem

176 2150 560 2214 pectoribusque
596 2149 784 2208 arsisse,
827 2147 960 2196 Iovis
998 2164 1112 2195 curn
1148 2146 1357 2194 fulmina
1391 2155 1564 2194 contra

177 2240 251 2280 tot
286 2231 484 2295 paribus
522 2238 758 2293 streperet
796 2228 978 2291 clipeis,
1022 2236 1095 2276 tot
1133 2226 1388 2290 stringeret
1423 2226 1586 2275 ensis:

178 2312 248 2361 sic
285 2321 391 2361 toto
415 2310 625 2361 ¹Aeneas
662 2310 882 2360 desaevit
920 2309 971 2358 in
1008 2326 1224 2372 aequore
1259 2307 1415 2356 victor

179 2403 233 2442 ut
269 2396 422 2442 semel
457 2392 668 2456 intepuit
704 2409 889 2441 mucro.
965 2391 1086 2455 quin
1124 2407 1241 2440 ecce
1278 2389 1493 2453 Niphaei
1765 2405 1847 2448 570

180 2475 479 2539 quadriiugis
515 2475 566 2523 in
603 2491 758 2537 equos
795 2476 1100 2536 adversaque
1137 2481 1339 2535 pectora
1375 2470 1546 2520 tendit.

180 2565 329 2619 atque
364 2556 434 2603 illi
469 2558 616 2618 longe
650 2553 955 2619 gradientem
993 2563 1042 2603 et
1078 2553 1184 2602 dira
1219 2555 1511 2602 frementem

182 2646 236 2684 ut
271 2636 450 2695 videre,
491 2646 626 2685 metu
663 2636 789 2684 versi
825 2645 1053 2698 retroque
1090 2644 1287 2684 ruentes

182 2719 545 2780 effunduntque
580 2719 761 2766 ducem
797 2717 1092 2780 rapiuntque
1127 2718 1193 2764 ad
1228 2716 1371 2764 litora
1405 2730 1586 2763 currus.

238 2849 429 2897 544—548
450 2846 606 2894 MPR3
637 2857 827 2895 549-574
848 2844 1026 2884 MPRV
1238 2846 1319 2893 546
1349 2841 1485 2893 ferro]
1506 2849 1647 2882 terrae
1673 2842 1851 2881 Klouc'ek

183 2903 265 2951 558
284 2903 412 2941 humo
433 2900 501 2938 M²
604 2901 794 2950 patriove
811 2899 1057 2949 PR7bc²mn
1073 2914 1083 2938 :
1112 2899 1240 2938 humo
1257 2899 1392 2949 patria
1412 2904 1539 2948 atque
1559 2897 1726 2936 ornabit
1750 2897 1851 2936 Gent

184 2966 266 3004 572
295 2956 358 3009 et]
379 2968 428 2995 ac
448 2954 517 2993 Ml
640 2969 643 2971 ’
683 2966 762 3003 574
792 2966 959 2993 currum
979 2951 1085 2991 Rb²c
1308 2978 1312 2980 >

1665 3012 1743 3054 24*
