2020 3372
231 144 283 190 P.
323 144 624 193 VERGILI
664 144 990 194 MARONIS

230 283 416 347 quique
452 299 606 331 novas
642 283 769 331 alitis
807 300 910 332 non
947 285 1048 333 ullo
1086 283 1275 334 semine
1312 285 1486 348 frugeS,

231 364 417 428 quique
454 365 571 413 satis
609 366 798 427 largum
836 367 976 413 caelo
1013 364 1271 414 demittitis
1310 366 1518 415 imbrem
1536 385 1550 427 3

231 460 386 511 tuque
422 449 564 506 ade0,
605 463 755 509 quem
792 463 908 495 mox
945 463 1073 509 quae
1109 447 1207 495 sint
1245 446 1474 496 habitura
1510 449 1718 498 deorum

233 528 444 579 concilia
479 529 723 578 incertum
762 537 848 588 est,
890 528 1103 576 urbesne
1140 527 1367 589 invisere,
1404 530 1599 584 Caesar,

233 623 571 674 terrarumque
607 610 726 659 velis
765 626 948 669 curam,
989 618 1038 658 et
1076 619 1124 658 te
1161 611 1404 658 maximus
1440 610 1574 660 orbis

234 704 487 743 auctorem
512 695 706 758 frugum
743 703 1196 758 tempestatumque
1232 701 1491 755 potentem.

234 777 444 839 accipiat
480 777 684 839 cingens
721 786 944 826 materna
984 786 1209 840 tempora
1246 785 1419 838 myrto,

235 875 299 906 an
336 859 459 906 deus
495 859 725 906 immensi
764 857 932 907 venias
973 857 1118 906 maris
1156 875 1214 906 ac
1252 867 1336 906 tua
1371 868 1551 907 nautae

236 938 442 987 numina
479 941 584 988 sola
621 941 802 999 colant,
841 939 932 988 tibi
965 938 1145 988 serviat
1182 938 1357 988 ultima
1392 941 1569 999 Thule,

237 1031 386 1084 teque
423 1020 518 1070 sibi
549 1038 787 1084 generum
824 1023 1012 1084 Tethys
1049 1031 1182 1069 emat
1218 1021 1452 1070 omnibus
1489 1023 1654 1084 undis,

236 1119 367 1150 anne
403 1119 591 1151 novum
628 1103 779 1151 tardis
817 1102 953 1151 sidus
990 1112 1039 1151 te
1076 1103 1332 1152 mensibus
1368 1105 1539 1163 addas,

237 1198 336 1244 qua
372 1183 510 1230 locus
550 1181 802 1244 Erigonen
839 1181 965 1230 inter
1003 1183 1285 1243 Chelasque
1322 1179 1575 1243 sequentis

236 1262 471 1325 panditur
508 1262 636 1328 (ipse
672 1262 763 1311 tibi
799 1262 899 1311 iam
935 1262 1168 1311 bracchia
1203 1261 1450 1310 contrahit
1485 1263 1664 1311 ardens

237 1344 470 1407 Scorpius
507 1355 556 1393 et
593 1344 716 1393 caeli
752 1344 881 1393 iusta
916 1346 1027 1407 plus
1063 1354 1201 1407 parte
1237 1342 1526 1408 reliquit)—

237 1426 485 1489 quidquid
521 1426 614 1475 eris
653 1426 791 1491 (nam
829 1435 877 1474 te
915 1443 1009 1474 nec
1047 1435 1244 1489 sperant
1279 1427 1484 1473 Tartara
1518 1441 1697 1488 regem,

237 1525 330 1557 nec
367 1508 458 1557 tibi
494 1507 734 1571 regnandi
770 1507 935 1556 veniat
971 1516 1074 1555 tam
1111 1506 1217 1556 dira
1252 1506 1452 1569 cupido,

238 1590 462 1654 quamvis
502 1590 695 1653 Elysios
733 1589 935 1637 miretur
973 1588 1181 1638 Graecia
1218 1604 1434 1651 campOS,

236 1691 330 1722 nec
366 1672 573 1736 repetita
609 1671 751 1735 sequi
787 1681 925 1720 curet
962 1670 1257 1734 Proserpina
1293 1668 1521 1735 matrem)

237 1757 302 1804 da
337 1754 534 1803 facilem
571 1771 786 1814 cursum,
825 1763 976 1817 atque
1012 1752 1286 1802 audacibus
1322 1754 1490 1819 adnue
1526 1750 1732 1815 coeptis,

238 1836 535 1900 ignarosque
570 1835 678 1884 viae
715 1852 914 1884 mecum
952 1834 1211 1883 miseratus
1247 1833 1448 1898 agrestis

237 1917 492 1982 ingredere
529 1927 577 1966 et
614 1917 741 1966 votis
778 1917 878 1965 iam
915 1934 1051 1965 nunc
1086 1918 1327 1965 adsuesce
1363 1914 1539 1964 vocari.

305 2001 437 2048 Vere
473 2016 618 2058 novo,
659 1998 852 2061 gelidus
890 1998 1026 2046 canis
1064 2015 1178 2045 cum
1216 1996 1469 2045 montibus
1505 2012 1650 2044 umor

234 2080 438 2144 liquitur
474 2090 523 2128 et
559 2081 788 2142 Zephyro
824 2079 978 2142 putris
1017 2095 1069 2128 se
1105 2078 1280 2141 glaeba
1315 2077 1526 2136 resolvit,

237 2164 475 2224 depresso
511 2161 715 2224 incipiat
751 2160 850 2208 iam
888 2170 994 2207 tum
1031 2159 1154 2206 mihi
1190 2168 1357 2206 taurus
1393 2167 1552 2206 aratro

236 2243 500 2307 ingemere,
541 2252 589 2291 et
626 2244 765 2290 sulco
801 2241 994 2290 attritus
1031 2242 1376 2303 splendescere
1412 2255 1594 2287 vomer.

234 2325 318 2374 illa
353 2342 492 2388 seges
530 2326 735 2373 demum
771 2323 897 2372 votis
935 2323 1204 2386 respondet
1238 2320 1369 2369 avari

234 2406 491 2470 agricolae,
531 2405 607 2454 bis
645 2422 772 2468 quae
810 2407 979 2464 solem,
1021 2404 1097 2452 bis
1134 2403 1312 2466 frigora
1348 2402 1521 2462 sensit3

235 2488 363 2536 illius
401 2487 675 2535 immensae
711 2495 949 2550 ruperunt
986 2487 1162 2533 horrea
1198 2500 1395 2533 messes.

235 2586 294 2617 ac
330 2568 464 2631 prius
501 2568 727 2632 ignotum
764 2569 892 2615 ferro
928 2583 1079 2629 quam
1115 2565 1389 2614 scindimus
1426 2579 1625 2626 aequor,

237 2659 412 2698 ventos
451 2658 499 2698 et
534 2649 724 2697 varium
762 2648 885 2696 caeli
921 2647 1232 2711 praediscere
1269 2662 1459 2694 morem

236 2748 353 2779 cura
388 2731 450 2779 sit
485 2748 544 2779 ac
580 2730 764 2793 patrios
802 2731 1064 2791 cultusque
1100 2728 1399 2790 habitusque
1434 2729 1673 2785 locorum,

231 2823 284 2861 -et
321 2812 443 2876 quid
480 2829 709 2875 quaeque
744 2813 866 2860 ferat
902 2809 1035 2872 regio
1073 2818 1121 2858 et
1157 2808 1279 2872 quid
1315 2824 1544 2871 quaeque
1580 2814 1783 2855 recuset.

1859 551 1910 592 25

1861 959 1914 998 30

1862 1730 1919 1811 ζμ,

1862 2177 1914 2216 45

1790 2582 1915 2626 v50

293 2956 428 2991 22—40
457 2941 588 2981 MPR
605 2957 615 2992 3
636 2953 771 2991 41-53
784 2940 964 2979 AMPR
1047 2951 1098 2989 25
1128 2940 1267 2990 zpsum
1289 2939 1513 2990 Vergilium
1527 2937 1698 2975 urbisne
1711 2934 1916 2985 scn'psssse

230 3001 413 3035 -testatur
427 2997 592 3036 Probus
611 2996 727 3046 apud
741 2996 801 3034 A.
820 2995 919 3034 Gell.
942 2994 1028 3034 xiii.
1055 3008 1122 3042 21,
1144 3009 1169 3043 4
1350 3005 1405 3043 35
1435 2991 1637 3040 relinquit
1651 2990 1735 3029 Pbc
1751 2989 1915 3031 Probus

221 3049 227 3055 ⁸
237 3052 293 3103 36
322 3051 421 3103 nec]
439 3064 492 3089 ne
509 3051 562 3090 M
564 3051 577 3073 ¹
651 3055 826 3101 sperent
839 3049 892 3087 Μ
894 3048 1038 3100 ²P²7b2
1058 3048 1221 3087 Probus
1233 3048 1347 3087 Serv,
1433 3059 1487 3096 50
1515 3051 1559 3084 at
1577 3060 1606 3097 γ
1625 3044 1714 3084 edd.
1729 3044 1915 3096 pleriqrae
