2014 3372
1319 151 1681 201 AENEIDOS
1716 150 1853 198 VIII

181 303 231 343 te
268 293 419 358 Stygii
455 303 697 344 tremuere
733 295 883 353 lacuS,
923 303 971 342 te
1007 293 1186 342 ianitor
1222 292 1340 343 Orci

182 392 294 425 ossa
330 393 476 439 super
510 376 751 424 recubans
786 385 929 424 antro
966 392 1158 423 semesa
1192 384 1397 423 cruento
1413 392 1428 436 3

180 473 274 505 nec
310 466 359 505 te
395 458 523 505 ullae
557 455 719 516 facies,
760 473 863 505 non
899 456 1068 504 terruit
1103 456 1209 518 ipse
1245 458 1516 518 Typhoeus

181 539 364 586 arduus
399 555 535 586 arma
570 546 744 586 tenens
763 556 776 599 ;
824 555 927 586 non
963 547 1013 586 te
1047 537 1250 586 rationis
1287 547 1515 600 egentem

183 620 433 666 Lernaeus
469 619 613 667 turba
647 618 866 681 capitum
903 617 1224 667 circumstetit
1259 619 1444 682 anguis.
1775 637 1854 676 300

183 701 330 759 salve,
368 716 483 748 vera
521 699 652 748 Iovis
689 702 867 762 proles,
907 701 1061 748 decus
1097 699 1268 748 addite
1305 699 1445 760 divis,

161 789 232 841 *et
267 796 359 828 nos
396 789 445 828 et
480 789 564 828 tua
600 781 770 828 dexter
804 779 887 828 adi
922 782 1052 843 pede
1089 797 1226 828 sacra
1261 782 1515 829 secundo?

182 860 299 909 talia
334 860 633 909 carminibus
669 862 921 909 celebrant
938 880 952 922 3
1000 878 1147 925 super
1182 861 1351 910 omnia
1387 861 1509 911 Caci

183 944 471 1004 speluncam
506 942 728 990 adiciunt
765 942 1133 1006 spirantemque
1169 943 1366 1005 ignibus
1401 942 1578 1006 ipsum.

183 1031 426 1071 consonat
461 1039 610 1071 omne
647 1040 824 1071 nemus
861 1023 1066 1086 strepitu
1102 1025 1354 1086 collesque
1390 1025 1640 1073 resultant.
1774 1042 1852 1083 305

254 1103 399 1152 Exim
435 1121 487 1152 se
525 1104 691 1152 cuncti
727 1104 906 1153 divinis
943 1106 1090 1153 rebus
1126 1107 1191 1153 ad
1228 1105 1401 1154 urbem

182 1184 410 1248 perfectis
445 1187 671 1233 referunt.
746 1185 849 1234 ibat
885 1203 967 1234 rex
1002 1185 1192 1234 obsitus
1228 1203 1366 1245 aevo,

182 1275 232 1315 et
268 1266 502 1314 comitem
538 1270 746 1315 Aenean
782 1267 916 1315 iuxta
951 1276 1223 1330 natumque
1258 1269 1460 1317 tenebat

184 1346 463 1410 ingrediens
499 1346 735 1410 varioque
771 1347 901 1396 viam
938 1365 1167 1398 sermone
1203 1348 1410 1397 levabat.

182 1427 383 1476 miratur
418 1427 672 1490 facilisque
709 1431 881 1477 oculos
917 1431 1008 1477 fert
1044 1429 1213 1477 omnia
1249 1429 1434 1477 circum
1777 1446 1856 1487 310

182 1512 392 1568 Aeneas,
432 1509 721 1573 capiturque
757 1510 878 1559 locis
915 1519 964 1559 et
999 1510 1190 1574 singula
1225 1512 1382 1560 laetus

183 1589 490 1653 exquiritque
525 1591 764 1654 auditque
799 1591 958 1639 virum
996 1592 1305 1641 monimenta
1340 1591 1571 1655 priorum.

181 1681 288 1720 tum
324 1689 407 1720 rex
443 1674 707 1720 Euandrus
746 1675 1006 1721 Romanae
1042 1673 1273 1722 conditor
1307 1673 1460 1722 arcis:

186 1754 336 1801 ‘haec
372 1769 576 1801 nemora
610 1753 874 1817 indigenae
912 1754 1071 1802 Fauni
1108 1756 1473 1817 Nymphaeque
1509 1755 1747 1804 tenebant

182 1850 402 1897 gensque
438 1834 596 1882 virum
634 1835 819 1884 truncis
856 1845 904 1884 et
941 1838 1065 1884 duro
1102 1837 1279 1885 robore
1316 1846 1444 1896 nata,
1775 1859 1852 1899 315

183 1916 293 1978 quis
330 1933 493 1978 neque
529 1933 637 1965 mos
674 1934 838 1980 neque
876 1920 1036 1966 cultus
1073 1927 1187 1977 erat,
1227 1935 1320 1966 nec
1357 1917 1558 1981 iungere
1594 1927 1758 1969 tauros

182 2007 267 2045 aut
303 2014 603 2060 componere
641 2015 762 2061 opes
800 2009 977 2047 norant
1013 2009 1098 2047 aut
1134 2016 1333 2062 parcere
1368 2008 1522 2062 parto,

182 2081 270 2127 sed
307 2078 428 2126 rami
463 2088 612 2141 atque
648 2096 790 2143 asper
825 2080 957 2129 victu
993 2090 1199 2129 venatus
1235 2082 1410 2129 alebat.

182 2159 368 2223 primus
404 2161 467 2208 ab
503 2160 724 2210 aetherio
760 2161 894 2210 venit
931 2164 1166 2211 Saturnus
1204 2163 1421 2225 Olympo

181 2258 316 2289 arma
353 2241 485 2290 Iovis
521 2242 712 2305 fugiens
750 2252 798 2291 et
835 2243 995 2307 regnis
1031 2245 1167 2291 exsul
1202 2243 1460 2305 ademptis.
1774 2263 1854 2303 320

181 2321 221 2369 is
257 2338 412 2384 genus
449 2322 665 2372 indocile
700 2341 759 2373 ac
796 2324 1073 2387 dispersum
1111 2323 1363 2372 montibus
1399 2323 1510 2372 altis

182 2404 463 2466 composuit
499 2407 732 2468 legesque
771 2406 922 2465 dedit,
964 2405 1263 2468 Latiumque
1297 2404 1462 2453 vocari

182 2485 366 2546 maluit,
406 2486 482 2535 his
520 2487 757 2550 quoniam
795 2487 1016 2536 latuisset
1053 2496 1186 2535 tutus
1222 2486 1273 2534 in
1309 2486 1419 2535 oris.

181 2583 328 2615 aurea
364 2584 491 2630 quae
526 2567 789 2630 perhibent
824 2567 910 2617 illo
946 2569 1040 2617 sub
1075 2584 1186 2630 rege
1222 2569 1356 2616 fuere

183 2650 409 2696 saecula:
459 2649 528 2697 sic
564 2649 760 2712 placida
796 2652 1008 2713 populos
1046 2650 1095 2697 in
1133 2666 1256 2713 pace
1292 2649 1505 2712 regebat,
1773 2668 1848 2709 325

182 2728 395 2777 deterior
430 2730 593 2778 donec
629 2730 867 2792 paulatim
905 2748 963 2780 ac
1000 2732 1203 2780 decolor
1237 2738 1371 2777 aetas

182 2818 230 2859 et
266 2808 383 2858 belli
419 2809 577 2858 rabies
614 2819 663 2859 et
699 2827 837 2859 amor
874 2810 1109 2860 successit
1146 2809 1378 2858 habendi.

237 2939 425 2988 296—327
458 2937 588 2977 MPR
834 2952 909 2988 301
944 2941 1050 2978 deus
1088 2939 1253 2989 Bentley
1362 2951 1440 2988 317
1473 2937 1617 2989 parto]
1640 2943 1763 2987 rapto
1784 2935 1851 2975 M1

181 3004 261 3041 324
282 3005 495 3042 aureaque
507 2992 582 3032 Pl:
612 3007 824 3044 aureaque
837 3000 883 3033 ut
899 2994 961 3032 b⁹c
974 2994 1218 3033 Lactantius
1227 2992 1270 3031 A
1276 2994 1500 3045 agustinus
1582 2993 1752 3031 fuerunt
1766 2990 1857 3042 P-yc
