2014 3372
226 143 280 191 P.
317 143 618 192 VERGILI
658 143 985 193 MARONIS

226 284 324 332 tela
360 292 548 343 tenens,
588 285 788 332 fratrem
827 282 1071 346 Eurytion
1107 283 1159 332 in
1195 293 1312 333 vota
1347 283 1556 344 vocavit,

226 364 324 413 iam
360 382 518 414 vacuo
555 367 735 414 laetam
773 367 912 414 caelo
949 367 1229 428 speculatus
1267 374 1315 414 et
1351 365 1439 414 alis
1824 384 1904 428 515

226 449 548 510 plaudentem
585 447 723 512 nigra
758 447 862 511 figit
897 448 991 496 sub
1027 447 1162 496 nube
1199 448 1499 496 columbam.

226 528 413 577 decidit
451 528 689 578 exanimis
726 528 979 592 vitamque
1015 528 1213 592 reliquit
1249 528 1300 576 in
1337 529 1476 577 astris

225 610 454 659 aetheriis
492 612 742 674 fixamque
778 613 924 659 refert
960 612 1163 674 delapsa
1199 609 1439 674 sagittam.

294 691 494 741 Amissa
530 694 665 741 solus
702 693 869 755 palma
905 692 1170 755 superabat
1206 695 1428 752 AcesteS‚
1506 737 1511 740 .

227 770 313 834 qui
349 780 517 820 tamen
554 770 708 820 aerias
746 772 902 820 telum
938 770 1178 820 contorsit
1214 770 1266 819 in
1300 788 1443 820 auras
1827 791 1909 833 520

227 861 483 901 ostentans
520 861 779 915 artemque
815 861 955 915 pater
990 869 1261 916 arcumque
1299 861 1575 902 sonantem.

227 935 309 984 hic
345 936 501 985 oculis
538 935 760 985 subitum
796 935 1010 985 obicitur
1047 952 1329 1000 magnoque
1364 938 1584 985 futurum

226 1017 431 1081 augurio
469 1026 781 1078 monstrum3
829 1017 1001 1066 docuit
1037 1026 1151 1080 post
1187 1016 1344 1066 exitus
1381 1017 1554 1081 ingens

228 1116 435 1163 seraque
473 1099 671 1148 terrifici
708 1098 996 1148 cecinerunt
1032 1099 1200 1148 omina
1234 1108 1384 1148 vates.

179 1181 185 1189 '
228 1198 445 1245 namque
481 1183 653 1230 volans
690 1180 890 1244 liquidis
928 1180 979 1229 in
1017 1180 1235 1229 nubibus
1271 1180 1389 1229 arsit
1423 1182 1653 1230 harundo
1828 1199 1907 1242 525

229 1263 537 1328 signavitque
573 1262 704 1312 viam
741 1262 954 1312 flammis
992 1262 1255 1325 tenuisque
1291 1262 1491 1312 recessit

229 1355 527 1409 consumpta
563 1345 614 1393 in
650 1354 858 1394 ventos:
909 1346 1047 1394 caelo
1085 1361 1178 1393 ceu
1215 1361 1363 1408 saepe
1399 1346 1548 1393 refixa

229 1436 566 1475 transcurrunt
603 1426 893 1490 crinemque
928 1425 1147 1475 volantia
1184 1425 1345 1475 sidera
1380 1428 1583 1475 ducunt.

228 1507 450 1556 attonitis
486 1509 690 1557 haesere
725 1506 904 1556 animis
942 1523 1247 1571 superosque
1283 1506 1468 1570 precati

230 1588 471 1638 Trinacrii
507 1588 789 1652 Teucrique
825 1588 926 1648 viri,
968 1605 1061 1637 nec
1101 1588 1343 1636 maximus
1380 1604 1530 1637 omen
1827 1607 1913 1648 530

229 1670 404 1720 abnuit
439 1673 650 1730 Aeneas,
692 1671 781 1720 sed
818 1671 1003 1719 laetum
1040 1671 1297 1733 amplexus
1335 1671 1553 1719 Acesten

231 1752 519 1802 muneribus
557 1754 778 1802 cumulat
815 1751 1005 1816 magnis
1042 1769 1101 1801 ac
1139 1751 1254 1801 talia
1290 1753 1445 1801 fatur:

236 1839 406 1884 ‘sume
442 1843 580 1898 pater
596 1853 609 1895 ;
657 1851 775 1896 nam
811 1843 860 1883 te
897 1833 1052 1883 voluit
1089 1851 1171 1882 rex
1208 1851 1416 1898 magnus
1454 1834 1658 1899 Olympi

231 1915 411 1965 talibus
449 1915 679 1979 auspiciis
718 1925 963 1965 exsortem
1000 1917 1183 1965 ducere
1220 1918 1447 1965 honores.

231 1998 384 2061 ipsius
420 1997 672 2047 Anchisae
709 1997 936 2061 longaevi
973 1999 1070 2047 hoc
1109 2014 1290 2046 munus
1326 1998 1548 2058 habebis,
1829 2018 1909 2059 535

232 2089 418 2129 cratera
452 2079 748 2143 impressum
786 2079 948 2143 signis,
991 2096 1143 2143 quem
1180 2079 1421 2128 Thracius
1458 2079 1578 2128 olim

231 2160 483 2210 Anchisae
518 2160 728 2225 genitori
764 2160 815 2209 in
854 2177 1036 2224 magno
1074 2178 1278 2210 munere
1316 2160 1516 2211 Cisseus

232 2245 355 2292 ferre
392 2243 467 2291 sui
504 2244 708 2292 dederat
745 2243 1112 2292 monimentum
1152 2252 1201 2293 et
1237 2243 1414 2307 pignus
1450 2243 1663 2293 amoris.’

234 2324 303 2373 sic
339 2326 467 2373 fatus
505 2324 656 2387 cingit
692 2324 923 2374 viridanti
962 2334 1186 2389 tempora
1221 2328 1359 2374 lauro
1751 2385 1753 2387 ι

234 2415 282 2455 et
318 2405 534 2470 primum
569 2415 685 2455 ante
722 2407 885 2456 omnis
926 2407 1165 2457 victorem
1204 2410 1420 2471 appellat
1456 2411 1687 2457 Acesten.
1831 2427 1913 2469 540

234 2504 327 2536 nec
364 2488 525 2536 bonus
564 2488 805 2550 Eurytion
843 2492 1062 2553 praelato
1100 2490 1275 2538 invidit
1312 2489 1503 2549 honori,

234 2568 458 2632 quamvis
496 2571 629 2617 solus
666 2588 809 2620 avem
848 2574 987 2621 caelo
1027 2571 1206 2621 deiecit
1242 2572 1307 2620 ab
1343 2573 1457 2620 alto.

234 2650 485 2714 proximus
522 2651 792 2715 ingreditur
831 2654 977 2703 donis
1016 2653 1101 2717 qui
1139 2653 1336 2702 vincula
1370 2652 1512 2716 rupit,

235 2742 479 2781 extremus
516 2735 704 2784 volucri
744 2734 829 2798 qui
867 2734 971 2783 fixit
1009 2734 1287 2783 harundine
1323 2736 1523 2783 malum.

292 2878 480 2916 514-544
501 2866 633 2906 MPR
755 2868 837 2917 516
867 2867 958 2916 figit
978 2867 1143 2917 nigram
1163 2865 1221 2905 Pl
1241 2881 1249 2907 :
1282 2867 1376 2916 figit
1397 2867 1517 2916 nigra
1537 2880 1567 2917 γ
1678 2866 1760 2915 518
1787 2865 1915 2905 aeriis

237 2920 373 2960 MRm
392 2936 400 2960 ε
434 2923 573 2961 aereis
593 2921 686 2972 7²bc
904 2933 986 2971 520
1015 2922 1237 2960 contendit
1258 2920 1371 2958 M1R
1390 2921 1565 2971 Nonius,
1583 2920 1735 2971 probat
1751 2920 1925 2971 Bentley*

237 2988 317 3025 522
346 2976 530 3014 subitum
552 2976 759 3015 deteriores
776 2976 922 3025 pauci:
956 2976 1094 3015 subito
1126 2976 1238 3014 ceteri
1354 2976 1436 3024 526
1464 2974 1659 3027 flammis]
1681 2974 1832 3014 lamnis
1851 2972 1914 3014 M¹

237 3042 317 3080 534
348 3031 555 3069 honorem
585 3028 747 3081 M⁹7²²bc
910 3042 986 3079 541
1020 3030 1184 3068 honore
1214 3029 1268 3067 Ρ1
1289 3029 1459 3068 Ribbeck
