2014 3372
242 158 294 206 P.
335 157 633 206 VERGILI
673 157 999 207 MARONIS

237 305 367 345 stant
403 313 514 344 arae
551 295 737 344 circum
775 304 823 344 et
859 294 1005 344 crinis
1043 296 1196 344 effusa
1232 296 1462 345 sacerdos

237 386 310 426 ter
345 387 547 426 centum
584 386 725 426 tonat
761 393 845 426 ore
883 378 1019 437 deos,
1060 377 1381 441 Erebumque
1423 378 1692 440 Chaosque
1831 398 1912 440 5¹0

238 459 660 522 tergeminamque
698 461 943 519 Hecaten,
984 459 1075 508 tria
1109 459 1306 522 virginis
1343 476 1427 508 ora
1466 459 1670 509 Dianae.

237 550 478 604 sparserat
515 549 563 590 et
599 541 768 589 latices
806 541 1061 590 simulatos
1098 540 1247 589 fontis
1284 539 1480 601 Averni,

236 624 444 674 falcibus
482 634 530 674 et
567 642 758 674 messae
793 627 859 674 ad
895 627 1064 674 lunam
1102 634 1402 688 quaeruntur
1435 624 1573 673 aenis

236 707 481 770 pubentes
518 708 702 756 herbae
738 707 862 771 nigri
899 724 1013 755 cum
1051 709 1177 756 lacte
1214 706 1392 756 veneni
1409 725 1422 768 3

237 789 485 853 quaeritur
521 799 569 839 et
605 789 853 839 nascentis
891 789 1005 853 equi
1041 791 1105 838 de
1141 791 1300 838 fronte
1335 791 1555 838 revulsus
1831 807 1910 850 5¹5

237 880 286 918 et
322 870 464 919 matri
500 881 784 935 praereptus
821 888 972 920 amor.

236 952 343 1015 ipsa
378 955 511 1002 mola
547 953 878 1017 manibusque
914 953 1007 1017 piis
1043 952 1212 1002 altaria
1247 952 1380 1001 iuxta

236 1052 392 1083 unum
429 1044 575 1084 exuta
610 1038 793 1098 pedem
829 1035 1017 1096 vinclis,
1057 1036 1108 1083 in
1145 1045 1280 1084 veste
1316 1035 1544 1095 recincta,

237 1126 441 1165 testatur
478 1117 712 1166 moritura
748 1119 870 1167 deos
908 1119 968 1167 et‘
992 1117 1192 1166 conscia
1228 1116 1313 1165 fati

237 1197 397 1247 sidera
415 1217 428 1259 ,-
480 1207 601 1259 tum,
642 1199 682 1248 si
715 1201 853 1262 quod
889 1200 992 1248 non
1030 1216 1192 1262 aequo
1229 1200 1429 1247 foedere
1464 1197 1675 1247 amantis
1834 1218 1912 1260 520

237 1297 381 1329 curae
417 1298 604 1330 numen
641 1281 793 1331 habet
828 1281 1114 1344 iustumque
1150 1297 1454 1344 memorque,
1493 1289 1730 1343 precatur.

305 1364 419 1411 Nox
454 1372 557 1412 erat
593 1372 641 1412 et
677 1362 930 1426 placidum
967 1363 1235 1427 carpebant
1272 1364 1400 1411 fessa
1436 1379 1665 1426 soporem

236 1460 442 1507 corpora
477 1462 564 1508 per
600 1454 762 1504 terras,
804 1445 1053 1508 silvaeque
1090 1454 1138 1493 et
1175 1461 1320 1493 saeva
1357 1444 1581 1507 quierant

235 1542 464 1589 aequora,
504 1543 618 1574 curn
656 1526 825 1575 medio
861 1529 1124 1575 volvuntur
1161 1525 1320 1575 sidera
1356 1527 1509 1588 lapsu,

237 1623 351 1655 curn
388 1616 518 1656 tacet
555 1606 718 1656 omnis
754 1624 879 1670 ager,
920 1609 1138 1671 pecudes
1176 1607 1437 1671 pictaeque
1472 1608 1710 1666 volucres,
1831 1628 1910 1669 525

235 1704 463 1751 quaeque
500 1690 635 1737 lacus
672 1690 769 1736 late
805 1688 1021 1751 liquidos
1058 1705 1286 1751 quaeque
1321 1704 1494 1751 aspera
1529 1687 1694 1737 dumis
1917 1687 1921 1691 ’

234 1785 343 1817 rura
379 1778 565 1828 tenent,
604 1786 782 1818 somno
818 1769 1009 1832 positae
1045 1770 1137 1818 sub
1175 1778 1322 1818 nocte
1359 1768 1533 1817 silenti.

234 1847 473 1914 [lenibant
510 1866 650 1898 curas
687 1860 736 1898 et
772 1852 924 1899 corda
960 1850 1113 1899 oblita
1150 1848 1408 1915 laborum]

232 1941 283 1980 at
319 1949 421 1981 non
458 1931 626 1980 infelix
660 1931 813 1980 animi
850 1932 1124 1981 Phoenissa
1159 1948 1322 1994 neque
1358 1948 1596 1994 umquam

234 2013 436 2062 solvitur
472 2013 523 2061 in
559 2030 762 2062 somnos
798 2013 1016 2062 oculisve
1051 2022 1135 2062 aut
1171 2022 1371 2076 pectore
1407 2021 1606 2062 noctem
1827 2031 1910 2072 530

233 2095 445 2158 accipit:
495 2094 802 2159 ingeminant
838 2111 982 2143 curae
1019 2111 1283 2157 rursusque
1320 2109 1574 2157 resurgens

234 2176 386 2225 saevit
421 2193 560 2225 amor
595 2192 876 2239 magnoque
912 2175 1091 2224 irarum
1129 2177 1332 2224 fluctuat
1368 2183 1519 2223 aestu.

234 2259 303 2307 sic
339 2260 467 2307 adeo
503 2257 682 2306 insistit
719 2273 988 2321 secumque
1024 2256 1091 2305 ita
1128 2257 1278 2305 corde
1314 2258 1533 2305 volutat:

238 2344 343 2399 ‘en,
385 2338 505 2403 quid
542 2341 672 2403 ago?
720 2355 949 2388 rursusne
986 2355 1163 2401 procos
1201 2337 1349 2386 inrisa
1383 2337 1567 2401 priores

234 2420 463 2484 experiar,
507 2421 897 2482 Nomadumque
934 2428 1098 2482 petam
1138 2418 1352 2467 conubia
1389 2420 1607 2480 supplex,
1824 2437 1903 2478 535

234 2519 359 2566 quos
396 2519 488 2566 ego
526 2501 618 2550 sim
655 2501 835 2550 totiens
872 2501 970 2549 iam
1007 2499 1274 2564 dedignata
1311 2499 1550 2549 maritos?

234 2584 411 2633 Iliacas
447 2583 592 2647 igitur
627 2582 794 2631 classis
831 2592 980 2645 atque
1017 2581 1190 2630 ultima
1225 2584 1475 2630 Teucrum

232 2666 365 2714 iussa
401 2666 613 2728 sequar?
673 2663 854 2726 quiane
889 2662 1070 2712 auxilio
1106 2662 1240 2711 iuvat
1274 2671 1390 2711 ante
1426 2664 1611 2711 levatos

232 2756 280 2795 et
318 2748 448 2796 bene
484 2747 619 2810 apud
655 2761 899 2794 memores
936 2743 1111 2792 veteris
1149 2752 1243 2792 stat
1278 2743 1429 2806 gratia
1465 2742 1620 2791 facti?

286 2886 473 2926 5o9a521
498 2874 627 2914 FMP
640 2889 650 2924 ;
681 2886 872 2924 522—539
893 2873 984 2912 MP
1174 2884 1250 2922 517
1283 2873 1436 2911 molam
1458 2871 1613 2923 MP7¹C
1630 2870 1814 2921 Ribbeck,
1836 2871 1912 2923 qm‘

231 2944 394 2970 versum
415 2931 498 2979 486
511 2934 608 2981 post
626 2930 737 2968 hunc
755 2929 998 2980 transponit,
1025 2931 1072 2966 ut
1089 2927 1242 2966 molam
1263 2940 1282 2965 e
1302 2939 1512 2977 spargens
1525 2924 1704 2977 pendeat
1825 2926 1906 2977 528

231 2998 314 3025 ona.
345 2983 664 3035 MP7¹a¹b²c¹m,
697 2983 863 3034 ignorat
879 2981 991 3022 Serv.
1014 2982 1101 3021 eicit
1126 2981 1310 3030 Ribbeck,
1333 2981 1379 3030 cf.
1405 2981 1463 3019 ix.
1484 2993 1563 3030 225
