2014 3372
214 161 267 208 P.
308 159 609 207 VERGILI
650 158 975 207 MARONIS

208 299 368 347 adfuit
406 307 455 347 et
494 299 802 356 Mnestheus,
843 313 994 359 quem
1030 295 1159 360 pulsi
1196 294 1400 359 pristina
1435 293 1592 344 Turni

208 398 385 445 aggere
424 397 678 429 murorum
715 379 980 428 sublimem
1016 378 1170 442 gloria
1206 377 1345 437 tollit,
1728 430 1746 432 .‚

208 472 258 511 et
297 464 496 525 Capys:
549 462 666 510 hinc
703 478 889 511 nomen
927 462 1215 523 Campanae
1252 459 1449 508 ducitur
1485 457 1613 508 urbi.
1814 471 1890 517 145

280 544 359 592 Illi
396 543 524 592 inter
563 561 670 592 sese
706 542 818 592 duri
854 541 1124 591 certamina
1165 540 1283 590 belli

208 627 558 674 contulerant:
608 624 774 673 media
810 627 1007 673 Aeneas
1045 625 1168 671 freta
1202 631 1351 671 nocte
1388 621 1600 671 secabat.

209 723 427 770 namque
466 715 519 755 ut
556 706 621 755 ab
660 707 898 754 Euandro
939 704 1107 753 castris
1145 703 1392 767 ingressus
1431 701 1677 751 Etruscis·

209 805 375 851 regem
410 787 515 836 adit
551 796 600 836 et
636 786 737 851 regi
777 794 1021 835 memorat
1060 801 1346 847 nomenque
1382 799 1639 847 genusque

210 869 393 932 quidve
429 878 565 933 petat
603 869 787 932 quidve
825 868 931 931 ipse
971 870 1103 927 ferat,
1148 865 1427 915 Mezentius
1464 881 1602 913 arma
1815 882 1895 923 150

210 967 338 1014 quae
375 950 469 999 sibi
505 949 749 1009 conciliet,
792 949 1109 1012 violentaque
1147 957 1350 1011 pectora
1385 945 1542 994 Turni

209 1033 401 1091 edocet,
442 1031 672 1080 humanis
712 1048 840 1094 quae
877 1031 939 1079 sit
977 1029 1160 1079 fiducia
1202 1030 1349 1077 rebus

209 1115 450 1163 admonet
485 1113 833 1176 immiscetque
871 1130 1073 1176 preces:
1125 1113 1261 1160 haud
1298 1112 1352 1159 fit
1389 1127 1540 1170 mora,
1579 1110 1814 1159 Tarchon

211 1195 368 1259 iungit
405 1212 525 1259 opes
563 1196 841 1258 foedusque
879 1194 988 1243 ferit
1006 1213 1019 1255 3
1071 1203 1177 1242 tum
1214 1192 1368 1241 libera
1403 1191 1489 1240 fati

211 1279 421 1326 classem
458 1276 751 1326 conscendit
788 1275 932 1325 iussis
969 1292 1090 1339 gens
1130 1274 1287 1338 Lydia
1323 1273 1494 1323 divum
1820 1291 1894 1332 ¹55

213 1368 415 1408 externo
452 1358 719 1408 commissa
755 1358 884 1408 duci.
961 1356 1152 1406 Aeneia
1187 1355 1367 1420 puppis

212 1440 371 1503 prima
407 1449 543 1489 tenet
578 1449 735 1489 rostro
775 1439 1011 1503 Phrygios
1051 1438 1314 1487 subiuncta
1351 1439 1534 1496 leones,

214 1521 441 1570 imminet
480 1524 573 1571 Ida
609 1538 768 1584 super,
808 1520 1026 1585 profugis
1064 1519 1338 1584 gratissima
1376 1517 1595 1567 Teucris.

214 1602 296 1651 hic
333 1619 541 1666 magnus
579 1605 719 1652 sedet
756 1605 953 1651 Aeneas
992 1618 1262 1664 secumque
1299 1602 1488 1649 volutat

215 1694 421 1734 eventus
458 1685 576 1734 belli
611 1685 785 1745 varios,
825 1686 1086 1747 Pallasque
1124 1683 1320 1732 sinistro
1818 1687 1896 1729 160

215 1770 407 1817 adfixus
445 1767 583 1817 lateri
619 1768 718 1816 iam
756 1766 945 1831 quaerit
983 1765 1156 1826 sidera,
1197 1782 1383 1828 opacae

217 1851 376 1900 noctis
414 1851 516 1911 iter,
557 1852 656 1900 iam
694 1870 821 1915 quae
857 1870 1030 1916 passus
1067 1862 1293 1915 terraque
1329 1850 1565 1914 marique.

287 1934 497 1983 Pandite
534 1951 668 1983 nunc
708 1934 970 1994 Helicona,
1011 1937 1147 1993 deae,
1189 1943 1465 1996 cantusque
1501 1940 1710 1991 movete,

219 2032 346 2079 quae
383 2032 559 2064 manus
595 2016 782 2064 interea
819 2016 996 2065 Tuscis
1034 2015 1297 2065 comitetur
1333 2016 1396 2064 ab
1441 2014 1537 2064 oris

219 2101 427 2147 Aenean
463 2107 719 2161 armetque
755 2108 882 2147 rates
920 2101 1195 2162 pelagoque
1233 2099 1451 2146 vehatur.
1818 2102 1893 2155 165

290 2180 535 2229 Massicus
570 2189 735 2229 aerata
771 2180 998 2244 princeps
1037 2190 1170 2229 secat
1207 2197 1423 2244 aequora
1459 2178 1607 2242 Tigri,

221 2264 315 2313 sub
351 2280 452 2327 quo
488 2262 622 2312 mille
659 2280 835 2311 manus
871 2263 1120 2322 iuvenum,
1163 2264 1248 2327 qui
1284 2262 1483 2313 moenia
1520 2259 1659 2312 Clusi

222 2347 407 2411 quique
443 2346 616 2394 urbem
655 2345 842 2409 liquere
880 2348 1050 2406 Cosas,
1093 2347 1202 2411 quis
1241 2349 1338 2396 tela
1375 2345 1578 2409 sagittae

222 2427 478 2491 gorytique
514 2429 645 2476 leves
682 2427 863 2477 umeris
901 2439 949 2479 et
986 2430 1143 2479 letifer
1178 2446 1331 2478 arcus.

223 2527 323 2559 una
358 2519 524 2558 torvus
560 2510 727 2560 Abas:
783 2512 899 2561 huic
936 2523 1097 2563 totum
1135 2512 1410 2577 insignibus
1445 2509 1594 2559 armis
1790 2511 1899 2568 ⁴170

224 2607 402 2654 agmen
439 2600 488 2640 et
522 2601 693 2642 aurato
730 2597 950 2659 fulgebat
986 2595 1221 2660 Apolline
1258 2592 1451 2658 puppis.

225 2682 477 2723 sescentos
513 2674 583 2723 illi
619 2679 823 2727 dederat
860 2678 1140 2741 Populonia
1175 2686 1331 2725 mater

226 2765 451 2818 expertos
487 2758 606 2807 belli
642 2759 857 2820 iuvenes,
898 2769 973 2808 ast
1012 2761 1118 2807 Ilva
1153 2766 1398 2807 trecentos

227 2837 386 2886 insula
422 2839 724 2890 inexhaustis
763 2841 1043 2904 Chalybum
1080 2856 1318 2904 generosa
1354 2836 1577 2887 metallis.

288 2983 470 3020 143-174
510 2970 643 3010 MPR
895 2983 970 3020 154
1000 2970 1097 3009 satis
1131 2969 1248 3009 Serv.
1496 2968 1574 3017 163
1603 2970 1774 3005 monete
1812 2963 1898 3016 Ργ1

234 3026 310 3064 168
340 3027 496 3065 Cosam
517 3025 587 3078 Pl,
606 3029 653 3064 ut
669 3024 836 3064 Plinius
856 3038 897 3064 n.
920 3025 959 3064 h.
984 3024 1039 3063 iii.
1062 3035 1087 3074 5
1111 3025 1172 3077 (8)
1196 3036 1272 3073 51;
1302 3023 1350 3072 qfi
1368 3022 1481 3062 Serv.
