2014 3372
1381 164 1745 214 AENEIDOS
1782 165 1831 212 V

157 326 307 373 quam
343 309 529 358 molem
565 306 731 358 subito
766 305 998 357 excierit:
1046 304 1199 354 maria
1234 303 1404 354 omnia
1439 306 1578 353 caelo
1752 319 1831 365 790

158 389 355 439 miscuit
389 388 577 439 Aeoliis
614 388 918 452 nequiquam
954 389 1077 436 freta
1112 386 1353 450 procellis,

158 470 208 519 in
245 470 404 534 regnis
440 473 538 519 hoc
572 487 693 519 ausa
727 469 836 518 tuis.

157 569 245 615 per
281 554 439 601 scelus
477 569 592 601 ecce
630 551 778 600 etiam
814 550 1041 600 Troianis
1078 550 1316 599 matribus
1352 549 1474 598 actis

159 632 340 681 exussit
376 634 522 681 foede
558 632 738 696 puppis
775 641 823 680 et
859 633 1014 680 classe
1050 631 1243 695 subegit

159 713 338 761 amissa
374 712 534 761 socios
571 712 769 776 ignotae
804 712 1026 775 linquere
1063 721 1230 760 terrae.
1754 729 1829 773 795

160 796 297 857 quod
334 803 568 857 superest,
607 810 708 853 oro,
747 793 892 842 liceat
928 795 1045 842 dare
1081 802 1186 842 tuta
1221 810 1309 857 per
1342 794 1504 842 undas

160 876 267 923 vela
303 874 406 934 tibi,
445 874 588 923 liceat
625 877 924 923 Laurentem
962 873 1199 937 attingere
1236 874 1491 937 Thybrim,

161 956 202 1005 si
238 973 476 1004 concessa
511 965 643 1018 peto,
683 955 724 1004 si
759 957 880 1005 dant
916 973 974 1004 ea
1009 956 1209 1005 moenia
1245 958 1459 1005 Parcae.'

161 1047 267 1086 tum
304 1037 558 1086 Saturnius
596 1040 720 1087 haec
757 1038 974 1087 domitor
1009 1038 1155 1087 maris
1192 1038 1349 1087 edidit
1384 1038 1500 1087 alti:

165 1121 263 1167 ‘fas
300 1135 449 1167 omne
486 1128 572 1178 est,
614 1120 871 1182 Cytherea,
910 1119 1032 1168 meis
1070 1128 1119 1168 te
1155 1121 1308 1168 fidere
1344 1119 1520 1182 regnis,
1753 1127 1834 1166 800
1866 1126 1869 1129 ’

162 1202 296 1249 unde
331 1217 485 1263 genus
523 1200 676 1250 ducis,
751 1200 907 1249 merui
943 1217 1180 1264 quoque3
1227 1217 1374 1263 saepe
1410 1203 1598 1249 furores

163 1282 431 1345 compressi
468 1291 517 1330 et
554 1281 741 1330 rabiem
778 1291 967 1330 tantam
1004 1282 1227 1345 caelique
1262 1282 1524 1345 marisque.

164 1379 257 1411 nec
293 1362 454 1410 minor
489 1362 540 1410 in
578 1361 727 1421 terris,
768 1363 1027 1410 Xanthum
1064 1362 1421 1426 Simoentaque
1463 1371 1628 1421 testor,

163 1446 365 1491 Aeneae
401 1442 522 1490 mihi
559 1459 675 1490 cura
712 1441 795 1490 tui.
828 1464 836 1491 ι
870 1459 985 1490 cum
1022 1442 1173 1491 Troia
1208 1442 1428 1491 Achilles

164 1523 441 1572 exanimata
477 1539 691 1586 sequens
730 1522 1025 1586 impingeret
1059 1522 1258 1586 agmina
1293 1523 1459 1583 muris,
1754 1532 1833 1582 805

166 1604 299 1653 milia
334 1607 488 1653 multa
524 1606 663 1654 daret
700 1607 813 1663 leto,
848 1614 1207 1668 ‚gemerentque
1243 1605 1418 1667 repleti

164 1701 334 1732 amnes
371 1701 465 1732 nec
500 1683 709 1746 reperire
745 1683 875 1730 viam
910 1693 1060 1747 atque
1096 1686 1320 1733 evolvere
1356 1696 1522 1749 posset

166 1763 216 1812 in
254 1781 386 1812 mare
423 1781 475 1812 se
511 1766 755 1824 Xanthus,
799 1764 1001 1813 Pelidae
1036 1773 1155 1814 tunc
1191 1783 1285 1830 ego
1319 1767 1433 1815 forti

167 1862 484 1908 congressum
521 1849 728 1897 Aenean
766 1863 859 1895 nec
895 1847 972 1897 dis
1008 1865 1102 1896 nec
1137 1847 1320 1896 viribus
1355 1847 1527 1911 aequis

167 1927 301 1975 nube
337 1944 455 1976 cava
491 1927 642 1990 rapui,
683 1945 916 1991 cuperem
952 1946 1068 1977 cum
1103 1938 1290 1978 vertere
1325 1930 1389 1978 ab
1426 1929 1528 1978 imo
1758 1939 1837 1977 810

168 2017 350 2056 structa
385 2008 508 2057 meis
546 2009 774 2058 manibus
811 2009 1033 2072 periurae
1069 2009 1267 2059 moenia
1302 2009 1494 2058 Troiae.

169 2106 301 2137 nunc
338 2106 538 2153 quoque
574 2108 715 2139 mens
754 2092 930 2139 eadem
968 2099 1151 2153 perstat
1188 2090 1309 2138 mihi
1327 2110 1340 2152 3
1387 2093 1516 2154 pelle
1553 2091 1765 2140 timores.

169 2180 316 2230 tutus,
356 2188 481 2234 quos
519 2182 672 2235 optas,
713 2182 883 2236 portus
919 2174 1125 2222 accedet
1161 2172 1358 2222 Averni.

169 2269 297 2300 unus
334 2252 422 2301 erit
458 2263 650 2302 tantum
687 2254 923 2303 amissum
961 2271 1110 2317 quem
1146 2254 1333 2318 gurgite
1370 2271 1574 2317 quaeres
1591 2272 1606 2315 3

170 2351 325 2381 unum
362 2351 450 2396 pro
486 2335 651 2383 multis
689 2335 886 2385 dabitur
922 2339 1101 2400 caput.'
1757 2345 1835 2394 815

171 2413 246 2461 his
282 2414 368 2462 ubi
403 2417 531 2463 laeta
567 2417 690 2465 deae
727 2417 982 2480 permulsit
1019 2428 1219 2480 pectora
1255 2416 1413 2476 dictis,

170 2493 327 2556 iungit
363 2512 517 2558 equos
553 2513 673 2545 auro
708 2498 912 2560 genitor,
952 2498 1332 2562 spumantiaque
1367 2497 1507 2547 addit

172 2575 308 2622 frena
342 2575 453 2624 feris
490 2577 819 2641 manibusque
856 2578 1018 2627 omnis
1055 2578 1262 2627 effundit
1299 2579 1531 2627 habenas.

230 2705 418 2754 790-814
457 2706 646 2754 FMPR;
695 2709 886 2755 815-818
925 2707 1057 2746 MPR
1325 2721 1402 2758 794
1439 2707 1626 2746 excussit
1665 2705 1719 2744 M
1722 2706 1839 2757 112171

176 2770 253 2807 795
275 2759 419 2808 ignota
434 2758 612 2810 MPR-yl
682 2767 797 2800 terra
812 2760 919 2798 ΜΡ2
937 2776 945 2799 :
974 2768 1108 2800 terret
1127 2777 1156 2810 ’γ
1270 2774 1346 2811 797
1369 2761 1464 2812 tibi]
1486 2761 1588 2799 mihi
1602 2760 1840 2810 Peerlkamp

174 2813 253 2860 805
285 2813 519 2852 inmitteret
538 2814 580 2851 F
579 2814 591 2836 ¹
727 2817 805 2863 807
837 2813 983 2864 atque]
1003 2828 1142 2865 neque
1162 2814 1227 2854 P:
1257 2828 1341 2864 qua
1360 2815 1631 2866 Augustinus
1759 2815 1841 2852 810

176 2867 312 2916 eripui
331 2867 387 2904 F*
564 2870 641 2907 811
675 2870 889 2918 periturae
908 2868 1011 2907 FM¹
1191 2870 1272 2908 812
1302 2869 1496 2908 timorem
1518 2868 1588 2907 Mc
1760 2869 1841 2914 814

174 2926 347 2969 quaeret
369 2921 573 2961 deteriores
593 2922 775 2974 quidam,
797 2921 969 2960 Ribbeck
988 2922 1204 2961 Deuticke:
1234 2923 1405 2972 quaeris
1427 2921 1479 2960 M
1480 2922 1496 2944 ²
