2014 3372
1338 169 1706 218 AENEIDOS
1744 170 1792 215 V

114 318 163 358 et
198 326 404 372 magnos
440 309 777 357 membrorum
811 317 959 368 artus,
998 325 1178 372 magna
1214 324 1328 356 ossa
1362 309 1672 371 lacertosque

114 389 246 438 exuit
281 399 430 452 atque
465 389 638 452 ingens
675 389 840 438 media
876 389 1102 438 consistit
1138 391 1334 438 harena.

114 479 220 518 tum
257 480 389 518 satus
426 469 648 518 Anchisa
684 479 877 519 caestus
914 480 1053 534 pater
1089 469 1262 518 extulit
1297 487 1484 534 aequos

113 559 162 598 et
196 550 394 613 paribus
431 552 620 613 palmas
655 551 916 598 amborum
951 550 1175 599 innexuit
1210 550 1370 619 armis.
1706 571 1787 611 4²5

113 631 332 691 constitit
368 632 419 680 in
456 631 636 695 digitos
673 634 921 694 extemplo
958 642 1173 680 arrectus
1210 642 1418 695 uterque

114 715 441 777 bracchiaque
476 716 542 764 ad
577 732 778 778 superas
814 715 1062 763 interritus
1099 716 1271 764 extulit
1305 731 1462 763 auras.

111 795 361 844 abduxere
396 804 524 844 retro
560 797 706 858 longe
743 795 905 858 capita
939 797 1093 844 ardua
1128 797 1193 844 ab
1229 795 1330 844 ictu

112 875 492 939 immiscentque
528 893 704 925 manus
741 876 971 925 manibus
1007 894 1328 940 pugnamque
1363 879 1624 937 lacessunt,

112 957 194 1006 ille
228 959 416 1020 pedum
453 958 627 1007 melior
663 967 804 1007 motu
839 960 1096 1022 fretusque
1132 959 1346 1018 iuventa,
1706 980 1788 1019 430

111 1038 193 1086 hic
229 1038 464 1087 membris
501 1048 551 1087 et
586 1041 718 1088 mole
753 1041 957 1100 valen53
1004 1041 1094 1089 sed
1129 1041 1269 1088 tarda
1304 1039 1535 1087 trementi

111 1136 272 1182 genua
306 1120 490 1179 labant,
527 1129 693 1168 vastos
729 1120 887 1183 quatit
921 1137 1067 1184 aeger
1101 1120 1350 1169 anhelitus
1386 1129 1535 1168 artus.

112 1202 267 1248 multa
300 1200 389 1248 viri
425 1201 730 1264 nequiquam
765 1201 891 1250 inter
928 1219 980 1251 se
1016 1204 1218 1250 vulnera
1253 1201 1452 1261 iactant,

111 1283 267 1330 multa
302 1299 425 1330 cavo
461 1281 599 1330 lateri
635 1282 941 1346 ingeminant
977 1292 1026 1331 et
1062 1292 1262 1346 pectore
1298 1292 1462 1331 vastos

111 1364 232 1411 dant
268 1363 471 1422 sonitus,
511 1372 735 1426 erratque
770 1363 899 1412 auris
936 1373 985 1412 et
1022 1373 1247 1426 tempora
1282 1363 1469 1411 circum
1702 1386 1782 1425 435

112 1446 282 1494 crebra
316 1463 506 1505 manus,
546 1447 671 1495 duro
708 1446 948 1509 crepitant
985 1446 1079 1494 sub
1114 1448 1316 1493 vulnere
1353 1444 1524 1493 malae.

111 1536 206 1575 stat
239 1527 395 1589 gravis
434 1529 658 1575 Entellus
695 1527 907 1590 nisuque
943 1527 1179 1575 immotus
1216 1527 1396 1574 eodem

111 1624 317 1671 corpore
354 1610 452 1656 tela
488 1610 641 1657 modo
677 1618 827 1671 atque
864 1608 1020 1657 oculis
1058 1607 1371 1670 vigilantibus
1407 1606 1517 1655 exit,

110 1688 205 1748 ille,
243 1691 376 1737 velut
411 1691 594 1737 celsam
632 1698 886 1752 oppugnat
922 1688 1007 1751 qui
1045 1687 1259 1736 molibus
1296 1687 1470 1735 urbem

110 1779 195 1817 aut
230 1779 467 1818 montana
502 1771 641 1818 sedet
679 1769 863 1817 circum
901 1771 1101 1817 castella
1136 1769 1229 1816 sub
1264 1767 1425 1827 armis,
1702 1789 1785 1827 440

111 1866 245 1897 nunc
280 1852 386 1909 hos,
426 1867 559 1898 nunc
595 1850 704 1898 illos
741 1849 918 1909 aditus,
959 1866 1262 1911 omnemque
1298 1858 1511 1911 pererrat

110 1941 212 1980 arte
248 1933 414 1980 locum
451 1941 499 1980 et
534 1931 676 1980 variis
714 1931 991 1980 adsultibus
1028 1930 1201 1979 inritus
1238 1940 1388 1993 urget.

111 2012 328 2060 ostendit
364 2014 585 2061 dextram
622 2012 877 2075 insurgens
917 2013 1142 2060 Entellus
1179 2020 1227 2060 et
1262 2013 1359 2059 alte

111 2093 310 2141 extulit:
359 2093 440 2141 ille
475 2093 629 2141 ictum
665 2093 948 2141 venientem
984 2109 1014 2140 a
1049 2091 1229 2140 vertice
1265 2093 1409 2140 velox

111 2173 350 2237 praevidit
386 2174 631 2236 celerique
668 2175 863 2236 elapsus
901 2190 1107 2236 corpore
1143 2171 1289 2221 cessit
1305 2191 1319 2233 3
1699 2193 1779 2233 445

114 2257 336 2303 Entellus
372 2255 485 2303 viris
522 2254 572 2302 in
608 2264 812 2303 ventum
848 2254 1022 2303 effudit
1058 2263 1106 2303 et
1143 2255 1271 2302 ultro

113 2335 217 2398 ipse
252 2335 407 2398 gravis
443 2335 748 2398 graviterque
783 2337 848 2384 ad
885 2345 1062 2383 terram
1098 2335 1320 2397 pondere
1355 2342 1494 2381 vasto

114 2418 343 2477 concidit,
383 2429 437 2466 ut
473 2420 727 2481 quondam
765 2435 885 2466 cava
921 2417 1140 2467 concidit
1175 2426 1260 2465 aut
1298 2417 1604 2478 Erymantho

113 2508 197 2547 aut
235 2501 327 2547 Ida
362 2499 412 2546 in
450 2516 626 2561 magna
662 2499 909 2548 radicibus
946 2508 1083 2547 eruta
1118 2498 1275 2560 pinus.

115 2590 415 2643 consurgunt
451 2580 624 2630 studiis
660 2581 841 2629 Teucri
877 2591 924 2629 et
958 2579 1214 2628 Trinacria
1249 2580 1406 2642 pubes
1423 2597 1437 2639 ,·
1695 2597 1778 2637 450

115 2660 152 2708 it
187 2662 372 2709 clamor
407 2664 543 2710 caelo
579 2661 866 2725 primusque
902 2661 1110 2710 accurrit
1145 2663 1352 2709 Acestes

162 2802 346 2839 422—447
364 2790 493 2830 MPR
510 2805 519 2839 ;
534 2794 719 2842 448-451
737 2787 906 2830 MPRV
1017 2804 1095 2837 422
1118 2803 1218 2839 -que
1236 2802 1316 2826 om.
1335 2786 1436 2825 P²m
1540 2799 1620 2834 423
1641 2784 1777 2835 exuit]

116 2844 265 2883 extulit
285 2843 517 2884 Macrobius
680 2858 759 2895 425
790 2845 971 2884 intexuit
992 2844 1045 2881 M
1046 2844 1059 2866 ¹
1237 2844 1317 2891 428
1348 2841 1590 2878 redduxere
1615 2838 1780 2876 Marius

122 2897 346 2938 Victorinus
453 2913 533 2950 434
555 2906 730 2950 pectora
745 2899 1081 2949 Hamburgcnsis
1099 2898 1209 2946 alter,
1226 2896 1375 2947 probat
1392 2894 1573 2944 Schaper
1698 2904 1778 2941 435

117 2953 302 2992 sonitum
330 2954 412 3005 P7¹
579 2956 659 3003 446
688 2954 867 2993 effundit
894 2953 951 2991 Pl
1119 2964 1199 3001 449
1229 2950 1430 2990 radicitus
1458 2947 1580 2999 R7²c¹
1611 2950 1776 2986 testatur

116 3005 367 3056 Priscianus,
382 3010 530 3060 probat
547 3008 716 3046 Ribbeck

170 3087 302 3116 VERG.
1620 3076 1670 3114 15
