2014 3372
1368 185 1729 235 AENEIDOS
1764 186 1813 232 V

143 334 192 373 et
227 314 442 387 clipeum
479 321 636 371 efferri
671 321 825 382 iussit,
871 322 1200 385 Didymaonis
1237 322 1365 382 artis,

144 399 378 468 Neptuni'
405 421 544 453 sacro
581 403 769 453 Danais
806 406 871 453 de
907 413 1050 467 poste
1086 405 1304 453 refixum.
1732 412 1812 465 360

143 488 240 535 hoc
276 486 506 534 iuvenem
543 484 791 548 egregium
829 484 1098 547 praestanti
1135 501 1339 533 munere
1375 486 1543 533 donat.

212 569 344 625 Post,
384 565 471 614 ubi
506 565 722 614 confecti
757 582 928 613 cursus
965 574 1014 613 et
1050 567 1184 614 dona
1220 565 1436 628 peregit:

147 652 158 674 ‘
176 665 321 708 nunc,
362 647 403 696 si
438 647 519 696 cui
555 647 704 695 virtus
740 646 1036 709 animusque
1071 646 1123 694 in
1158 656 1359 709 pectore
1394 663 1639 710 praesens,

141 727 269 776 adsit
305 738 353 776 et
390 727 594 776 evinctis
630 729 821 776 attollat
857 726 1088 775 bracchia
1124 727 1332 790 palmis.'

142 808 212 857 sic
247 809 326 868 ait,
367 819 416 857 et
451 808 705 872 geminum
742 825 937 872 pugnae
972 808 1206 871 proponit
1242 810 1499 868 honorem,
1731 817 1810 870 365

141 889 313 938 victori
348 892 564 938 velatum
600 907 720 938 auro
757 889 988 952 vittisque
1023 889 1301 949 iuvencum,

141 988 312 1019 ensem
348 980 497 1034 atque
533 971 777 1035 insignem
813 973 1004 1034 galeam
1041 971 1224 1019 solacia
1258 971 1403 1020 victo.

141 1069 234 1101 nec
270 1070 408 1101 mora
424 1072 437 1113 3
475 1053 714 1120 continuo
749 1053 897 1101 vastis
934 1069 1049 1102 cum
1084 1052 1269 1102 viribus
1305 1054 1441 1102 effert

141 1149 226 1180 ora
263 1135 419 1181 Dares
456 1149 737 1196 magnoque
772 1132 931 1180 virum
967 1149 1020 1181 se
1056 1149 1305 1180 murmure
1341 1131 1480 1191 tollit,

141 1214 274 1261 solus
312 1213 398 1276 qui
435 1213 663 1262 Paridem
700 1212 873 1261 solitus
910 1213 1214 1261 contendere
1251 1221 1434 1271 contra,
1731 1228 1812 1272 370

141 1293 376 1357 idemque
412 1295 477 1342 ad
514 1295 762 1342 tumulum
798 1309 900 1355 quo
937 1291 1180 1340 maximus
1217 1292 1430 1341 occubat
1469 1294 1662 1342 Hector

39 1410 57 1430 ,ν
140 1374 378 1423 victorem
416 1377 579 1422 Buten
616 1372 822 1421 immani
859 1389 1080 1435 corpore,
1120 1371 1206 1434 qui
1241 1388 1294 1420 se

80 1485 87 1493 >
142 1454 382 1516 Bebrycia
418 1453 620 1502 veniens
658 1452 836 1515 Amyci
872 1454 937 1501 de
972 1461 1119 1515 gente
1155 1452 1356 1510 ferebat,

140 1535 346 1598 perculit
382 1544 431 1584 et
467 1537 599 1583 fulva
635 1534 991 1607 moribundum
1029 1532 1249 1583 extendit
1285 1535 1480 1582 harena.

139 1617 248 1665 talis
284 1617 443 1679 prima
481 1619 636 1665 Dares
673 1626 822 1678 caput
857 1618 1012 1664 altum
1049 1615 1100 1663 in
1137 1615 1323 1678 proelia
1357 1615 1495 1675 tollit,
1604 1649 1608 1653 -
1728 1632 1808 1676 375

122 1697 457 1761 ‘ostenditque
493 1713 691 1745 umeros
728 1699 853 1745 latos
890 1698 1176 1758 alternaque
1212 1695 1360 1744 iactat

140 1779 371 1827 bracchia
406 1780 709 1841 protendens
746 1787 795 1826 et
832 1778 1055 1826 verberat
1092 1777 1272 1826 ictibus
1308 1793 1462 1826 auras.

140 1859 388 1922 quaeritur
424 1858 540 1907 huic
576 1858 700 1907 alius
717 1877 730 1919 3
768 1875 860 1906 nec
898 1857 1160 1921 quisquam
1197 1875 1256 1906 ex
1291 1857 1487 1921 agmine
1523 1867 1661 1907 tanto

139 1943 289 1990 audet
325 1940 460 1989 adire
495 1940 653 1988 virum
691 1940 1022 2002 manibusque
1058 1940 1294 1989 inducere
1330 1949 1536 1988 caestus.

138 2039 254 2086 ergo
290 2022 460 2071 alacris
498 2031 807 2084 cunctosque
843 2031 1023 2084 putans
1062 2022 1298 2070 excedere
1335 2023 1500 2083 palma
1729 2031 1811 2082 380

138 2107 339 2152 Aeneae
377 2102 509 2150 stetit
545 2111 661 2150 ante
697 2104 864 2164 pedeS,
906 2118 999 2149 nec
1037 2103 1177 2163 plura
1213 2110 1430 2149 moratus

136 2194 241 2232 tum
278 2186 415 2233 laeva
451 2193 646 2232 taurum
683 2200 837 2232 cornu
875 2192 1011 2231 tenet
1045 2192 1206 2244 atque·
1231 2181 1299 2230 ita
1333 2184 1491 2231 fatur:

141 2270 281 2316 ‘nate
317 2269 425 2327 dea,
464 2267 505 2316 si
542 2284 691 2316 nemo
729 2269 880 2316 audet
917 2282 970 2314 se
1006 2266 1205 2313 credere
1240 2280 1450 2327 pugnae,

136 2365 263 2411 quae
300 2349 410 2397 finis
448 2349 648 2398 standi?
691 2365 791 2411 quo
830 2364 911 2396 me
948 2348 1093 2395 decet
1129 2361 1288 2408 usque
1323 2344 1515 2394 teneri?

136 2431 318 2478 ducere
354 2432 487 2479 dona
523 2430 670 2478 iube)
742 2427 909 2477 cuncti
946 2427 1092 2476 simul
1128 2442 1212 2475 ore
1248 2426 1525 2474 fremebant
1725 2436 1804 2488 385

138 2511 456 2560 Dardanidae
494 2510 735 2573 reddique
771 2510 875 2558 viro
912 2507 1154 2571 promissa
1189 2506 1441 2555 iubebant.

206 2591 307 2640 Hic
343 2591 502 2655 gravis
543 2593 796 2639 Entellum
833 2589 978 2639 dictis
1016 2588 1220 2652 castigat
1256 2591 1474 2648 Acestes,

137 2672 386 2736 proximus
422 2683 476 2721 ut
512 2673 753 2722 viridante
790 2682 899 2721 toro
936 2673 1229 2721 consederat
1265 2671 1477 2719 herbae:

142 2756 377 2813 ‘Entelle,
420 2755 627 2803 heroum
664 2755 920 2817 quondam
958 2753 1222 2803 fortissime
1254 2754 1442 2811 frustra,

192 2898 382 2948 359-389
396 2897 527 2936 MPR
636 2908 717 2947 359
737 2902 870 2935 artem
890 2895 1002 2945 PR7
1112 2897 1193 2944 364
1213 2895 1363 2934 vinctis
1375 2894 1496 2946 ΡὙἺ)ι
1608 2909 1689 2946 374
1709 2910 1802 2947 per-

138 2953 242 2990 cutit
262 2951 345 2990 Rb1
509 2952 588 3000 382
617 2950 739 2989 laevo
758 2949 844 3000 Ργῑ
1010 2950 1090 2998 384
1119 2948 1248 3000 quae]
1269 2950 1340 2998 qui
1362 2948 1430 2987 M²
1642 2953 1721 3001 387
1738 2952 1804 2991 his

137 3005 319 3067 Nonius⁵
461 3006 541 3055 388
571 3005 705 3044 herba
723 3003 803 3043 Rcl
