2014 3372
220 151 272 197 P.
313 115 613 197 VERGILI
654 146 982 195 MARONIs

220 289 529 353 Cecropidae
566 288 686 337 iussi
724 286 982 351 (miserum
1005 285 1036 352 1)
1073 295 1279 350 septena
1315 285 1582 350 quotannis

219 388 427 434 corpora
464 379 729 430 natorum3
768 377 864 417 stat
902 368 1064 418 ductis
1102 368 1315 417 sortibus
1352 385 1489 416 urna.

220 461 393 500 contra
428 453 557 499 elata
593 449 715 498 mari
751 451 1022 512 respondet
1059 449 1249 499 Gnosia
1284 451 1462 499 tellus:

220 532 301 580 hic
339 531 552 580 crudelis
588 548 728 580 amor
764 531 891 579 tauri
927 540 1266 594 suppostaque
1302 532 1431 579 furto

221 613 464 676 Pasiphae
501 613 814 676 mixtumque
849 630 1005 677 genus
1042 614 1307 675 prolesque
1344 611 1566 660 biformis
1656 663 1659 666 ,
1851 630 1901 672 25

222 694 537 744 Minotaurus
575 694 718 754 inest,
757 694 968 743 Veneris
1006 693 1317 743 monimenta
1351 695 1632 754 nefandae;

221 778 303 827 hic
339 779 479 827 labor
514 778 597 827 ille
634 780 814 827 domus
853 787 901 827 et
937 776 1287 826 inextricabilis
1324 794 1485 838 error3

221 877 457 923 magnum
490 859 687 923 reginae
725 860 814 908 sed
851 858 986 907 enim
1022 858 1280 907 miseratus
1317 874 1538 906 amorem

224 943 476 990 Daedalus
513 941 620 1004 ipse
657 943 801 990 dolos
839 940 957 989 tecti
992 940 1330 1003 ambagesque
1366 937 1577 998 resolvit,

222 1040 371 1072 caeca
406 1040 581 1087 regens
619 1025 704 1072 filo
742 1022 960 1086 vestigia.
1034 1031 1088 1070 tu
1126 1037 1328 1085 quoque
1364 1036 1597 1082 magnam
1851 1039 1905 1078 30

222 1114 412 1168 partem
449 1121 599 1167 opere
635 1103 687 1152 in
726 1113 878 1163 tanto,
920 1103 1102 1152 sineret
1138 1104 1293 1161 dolor,
1338 1102 1489 1159 Ieare,
1530 1100 1751 1149 haberes.

222 1187 299 1236 bis
336 1196 545 1236 conatus
583 1195 686 1235 erat
722 1203 866 1234 casus
903 1187 1135 1248 effingere
1171 1184 1222 1232 in
1257 1200 1392 1243 auro,

221 1268 299 1318 bis
336 1268 522 1333 patriae
558 1267 783 1337 cecidere
821 1284 1013 1315 manus.
1086 1265 1207 1329 quin
1243 1265 1470 1329 protinus
1509 1263 1680 1313 omnia

223 1353 531 1414 perlegerent
568 1349 740 1409 oculis,
780 1348 832 1397 ni
868 1348 967 1396 iam
1004 1347 1303 1412 praemissus
1341 1348 1560 1394 Achates

222 1435 414 1481 adforet
449 1442 600 1495 atque
637 1449 737 1479 una
774 1430 968 1479 Phoebi
1006 1429 1302 1492 Triviaeque
1338 1429 1583 1487 sacerdos,
1852 1448 1903 1488 35

226 1514 493 1577 Deiphobe
531 1512 723 1572 Glauci,
762 1514 890 1560 fatur
926 1528 1055 1574 quae
1091 1510 1207 1559 talia
1243 1510 1372 1573 regi:

230 1600 361 1644 ‘non
397 1597 495 1643 hoc
532 1594 626 1642 ista
662 1593 758 1642 sibi
794 1603 992 1656 tempus
1030 1594 1314 1655 spectacula
1348 1591 1510 1655 poscit
1530 1610 1545 1652 3

225 1694 359 1726 nunc
395 1694 540 1740 grege
579 1678 643 1725 de
680 1675 867 1723 intacto
904 1683 1096 1737 septem
1133 1683 1348 1722 mactare
1383 1674 1620 1721 iuvencos

225 1758 533 1822 praestiterit,
577 1757 788 1806 totidem
826 1758 978 1805 lectas
1016 1757 1080 1805 de
1117 1771 1255 1804 more
1290 1753 1539 1803 bidentis.'

224 1839 404 1888 talibus
441 1840 609 1887 adfata
646 1840 855 1886 Aenean
891 1835 1007 1902 (nec
1044 1853 1182 1885 sacra
1218 1845 1472 1885 morantur
1852 1855 1907 1895 40

224 1920 356 1969 iussa
391 1920 501 1985 viri)
540 1923 762 1968 Teucros
798 1928 944 1967 vocat
979 1921 1078 1967 alta
1112 1918 1164 1966 in
1203 1920 1387 1980 templa
1424 1918 1671 1966 sacerdos,
1761 1915 1763 1917 ’

296 2000 532 2050 Excisum
571 2000 828 2050 Euboicae
865 2002 992 2049 latus
1029 1999 1203 2063 ingens
1240 1998 1374 2062 rupis
1411 1997 1462 2046 in
1499 2007 1708 2057 antrum,

226 2101 326 2148 quo
363 2082 448 2132 lati
485 2085 676 2132 ducunt
712 2082 875 2131 aditus
913 2091 1128 2141 centurn,
1169 2080 1295 2130 ostia
1330 2089 1546 2139 centum,

226 2168 360 2215 unde
397 2175 546 2214 ruunt
582 2164 792 2214 totidem
829 2181 992 2223 voces,
1031 2179 1269 2226 responsa
1306 2161 1532 2224 Sibyllae.

225 2257 428 2296 ventum
466 2256 567 2295 erat
603 2247 668 2294 ad
705 2245 871 2304 limen,
911 2262 1027 2293 cum
1063 2243 1198 2307 virgo
1240 2235 1470 2305 ‘poScere
1506 2244 1606 2290 fata
1852 2260 1903 2300 45

225 2331 450 2392 tempus'
487 2327 554 2376 ait
575 2347 589 2388 3
642 2328 794 2375 ‘deus
832 2343 949 2375 ecce
986 2327 1110 2374 deus
1132 2327 1168 2373 1²
1217 2323 1297 2372 cui
1335 2323 1449 2372 talia
1484 2322 1606 2371 fanti

225 2421 340 2460 ante
376 2413 505 2459 fores
542 2409 708 2458 subito
746 2425 849 2456 non
885 2409 1062 2466 vultus,
1103 2423 1206 2455 non
1243 2407 1379 2454 color
1414 2421 1557 2464 unus,

226 2509 329 2541 non
366 2500 599 2553 comptae
637 2506 863 2538 mansere
901 2505 1111 2548 comae3
1159 2489 1247 2536 sed
1283 2495 1457 2550 pectus
1493 2487 1743 2544 anhelum,

226 2583 275 2622 et
310 2572 446 2621 rabie
487 2574 589 2621 fera
625 2573 776 2620 corda
813 2579 1020 2630 tument,
1062 2568 1318 2632 maiorque
1353 2566 1509 2616 videri

226 2672 319 2703 nec
356 2655 562 2702 mortale
599 2669 796 2712 sonans,
836 2654 1019 2701 adflata
1055 2660 1129 2700 est
1165 2650 1370 2698 numine
1407 2650 1609 2712 quando
1851 2667 1904 2707 50

226 2736 325 2785 iam
361 2735 593 2798 propiore
631 2734 728 2783 dei.
808 2738 1000 2782 ‘cessas
1037 2732 1088 2780 in
1125 2741 1240 2781 vota
1275 2747 1560 2795 precesque,

227 2819 381 2866 Tros'
417 2816 485 2864 ait
524 2818 762 2864 ‘Aenea?
798 2817 998 2864 cessas?
1033 2831 1198 2877 neque
1235 2812 1368 2861 enim
1404 2821 1520 2860 ante
1556 2810 1816 2860 dehiscent

284 2958 418 2996 21-25
451 2946 610 2994 MPR3
651 2948 787 2995 26-50
817 2944 1012 2994 FMPR;
1056 2957 1122 2995 51,
1147 2956 1199 2994 52
1231 2942 1363 2982 MPR
1542 2952 1595 2990 33
1626 2953 1754 2979 omne
1786 2938 1901 2977 Rbm

229 3015 281 3051 37
312 3006 494 3051 poscunt
515 3000 626 3039 M¹R
646 3001 828 3051 agnoscit
846 2999 959 3040 Serv.
1128 3011 1182 3048 39
1212 2998 1284 3049 de]
1309 3010 1364 3036 ex
1383 2996 1440 3035 Fc
