2014 3372
223 159 276 206 P.
315 157 615 206 VERGILI
655 157 982 206 MARONIS

221 295 418 345 intravit
455 299 588 346 calor
625 306 673 346 et
709 297 954 345 labefacta
988 313 1077 360 per
1112 312 1226 346 ossa
1262 296 1488 357 cucurrit,

219 389 324 426 non
362 395 504 428 secus
541 388 693 441 atque
729 377 850 426 olim
885 377 1071 426 tonitru
1107 392 1232 426 cum‘
1260 386 1402 440 rupta
1438 394 1647 428 corusco

222 458 366 523 ignea
402 459 526 507 rima
561 459 751 507 micans
780 458 1025 522 'percurrit
1060 458 1248 507 lumine
1284 458 1497 508 nimbos,

220 540 374 589 sensit
410 543 539 589 laeta
574 540 703 589 dolis
741 549 790 589 et
825 541 1012 589 formae
1049 539 1249 588 conscia
1285 539 1514 589 coniunx.

219 630 326 670 tum
362 631 502 686 pater
536 631 740 671 aeterno
775 623 903 670 fatur
939 621 1198 670 devinctus
1234 636 1432 670 amore:

225 699 373 763 ‘quid
409 717 582 748 causas
618 700 745 763 petis
782 718 843 749 ex
877 702 1016 748 alto?
1052 699 1235 748 fiducia
1271 699 1417 748 cessit

219 799 321 845 quo
358 781 460 842 tibi,
501 781 630 841 diva,
670 781 806 831 mei?
843 780 1013 830 similis
1051 780 1092 829 si
1129 798 1244 830 cura
1279 780 1464 842 fuisset,

220 873 326 912 tum
363 881 565 927 quoque
601 866 674 912 fas
710 863 857 913 nobis
894 866 1115 912 Teucros
1152 880 1340 912 armare
1376 863 1548 913 fuisset
1565 882 1579 925 3

218 963 311 994 nec
347 954 487 1011 pater
522 945 841 1009 omnipotens
878 944 1080 994 Troiam
1117 962 1210 993 nec
1247 947 1346 992 fata
1381 945 1617 993 vetabant

217 1035 345 1075 stare
381 1028 660 1089 decemque
696 1027 819 1075 alios
857 1025 1109 1074 Priamum
1146 1043 1402 1089 superesse
1438 1043 1525 1090 per
1559 1042 1732 1075 annos.

218 1117 267 1157 et
302 1125 451 1168 nunc,
492 1107 533 1156 si
568 1108 752 1157 bellare
788 1125 930 1172 paras
966 1117 1117 1170 atque
1153 1109 1276 1156 haec
1313 1107 1403 1156 tibi
1440 1124 1581 1156 mens
1618 1116 1706 1168 est,

216 1190 464 1254 quidquid
499 1189 551 1238 in
587 1200 690 1240 arte
727 1207 840 1239 mea
876 1207 1080 1253 possum
1117 1189 1404 1253 promittere
1441 1206 1601 1249 curae,

216 1273 353 1334 quod
390 1271 495 1320 fieri
531 1273 658 1321 ferro
694 1271 949 1335 liquidove
984 1261 1149 1334 potest
1187 1273 1382 1331 electro,

214 1362 458 1416 quantum
494 1353 633 1416 ignes
669 1354 967 1417 animaeque
1004 1355 1182 1413 valent,
1221 1353 1405 1402 absiste
1441 1354 1694 1416 precando

213 1433 398 1483 viribus
435 1434 717 1484 indubitare
755 1434 882 1483 tuis.'
953 1452 1012 1484 ea
1047 1435 1198 1484 verba
1233 1437 1428 1483 locutus

214 1524 411 1578 optatos
448 1516 588 1565 dedit
623 1519 880 1580 amplexus
917 1516 1272 1580 placidumque
1308 1516 1482 1580 petivit

214 1596 437 1660 coniugis
474 1597 665 1646 infusus
702 1597 889 1660 gremio
926 1612 1015 1661 per
1050 1598 1274 1646 membra
1310 1614 1554 1661 soporem.

282 1679 411 1727 Inde
447 1678 534 1727 ubi
570 1678 728 1742 prima
765 1678 905 1742 quies
943 1678 1112 1728 medio
1149 1678 1247 1727 iam
1284 1679 1444 1728 noctis
1480 1679 1687 1728 abactae

212 1759 457 1809 curriculo
494 1762 746 1823 expulerat
783 1776 1031 1819 somnum,
1072 1777 1186 1808 cum
1224 1759 1410 1808 femina
1445 1759 1674 1823 primum,

211 1842 293 1891 cui
329 1844 536 1891 tolerare
573 1844 685 1891 colo
721 1842 873 1891 vitam
910 1841 1149 1905 tenuique
1188 1841 1414 1891 Minerva

211 1923 514 1988 impositum,
556 1923 773 1972 cinerem
810 1932 859 1971 et
897 1923 1085 1986 sopitos
1123 1923 1326 1971 suscitat
1362 1923 1488 1986 ignis

210 2014 411 2054 noctem
447 2006 641 2054 addens
678 2005 829 2068 operi,
871 2006 1181 2068 famulasque
1218 2006 1283 2067 ad
1320 2004 1509 2053 lumina
1544 2005 1695 2069 longo

211 2096 403 2136 exercet
440 2104 612 2151 penso,
652 2096 845 2136 castum
881 2095 936 2135 ut
972 2103 1164 2135 servare
1202 2085 1366 2135 cubile

210 2168 433 2232 coniugis
472 2178 520 2218 et
556 2168 712 2232 possit
748 2185 925 2231 parvos
963 2170 1176 2218 educere
1212 2177 1384 2217 natos:

209 2251 345 2298 haud
382 2267 523 2298 secus
561 2250 842 2313 ignipotens
880 2266 973 2299 nec
1011 2259 1234 2314 tempore
1271 2249 1467 2314 segnior
1503 2250 1588 2300 illo

209 2331 442 2380 mollibus
480 2349 507 2381 e
544 2331 704 2381 stratis
743 2349 894 2396 opera
930 2333 995 2381 ad
1033 2332 1223 2381 fabrilia
1260 2331 1423 2395 surgit.
1501 2350 1505 2353 ·

208 2412 369 2462 insula
406 2413 658 2463 Sicanium
695 2413 830 2464 iuxta
869 2416 995 2462 latus
1033 2413 1364 2477 Aeoliamque

208 2494 406 2557 erigitur
442 2494 657 2558 Liparen
694 2495 1002 2544 fumantibus
1039 2497 1194 2544 ardua
1230 2495 1370 2555 saxis,

207 2592 357 2638 quam
395 2577 564 2625 subter
599 2594 777 2640 specus
816 2586 865 2626 et
904 2578 1186 2640 Cyclopum
1224 2593 1369 2625 exesa
1405 2575 1612 2626 caminis

205 2666 345 2705 antra
381 2659 606 2706 Aetnaea
642 2667 832 2717 tonant,
873 2657 1123 2721 validique
1161 2657 1426 2707 incudibus
1463 2658 1590 2707 ictus

1733 287 1737 290 ’
1816 315 1898 357 390

1817 719 1894 762 395

1813 1127 1895 1166 400

1807 1534 1890 1575 405

1807 1943 1889 1983 410

1770 2398 1772 2400 ,
1802 2351 1883 2394 415

260 2799 450 2836 390-419
475 2785 607 2824 MPR
845 2800 922 2837 391
958 2787 1064 2838 non]
1088 2787 1190 2826 haut
1212 2785 1266 2824 M
1440 2800 1521 2839 394
1550 2787 1739 2827 devictus
1758 2785 1889 2840 P²7¹C

205 2853 285 2889 405
315 2841 594 2891 placidusque
607 2841 649 2882 ¹c2'
669 2841 900 2880 Burmann
1025 2844 1112 2891 ⁷406
1142 2842 1327 2880 infusum
1347 2840 1467 2881 P1R2
1487 2842 1601 2893 quod
1625 2842 1811 2881 Probum
1848 2845 1886 2881 et

208 2894 470 2934 Carminium
492 2896 631 2947 legisse
651 2895 743 2934 dicit
762 2896 890 2945 Serv„
914 2896 1067 2946 probat
1084 2896 1312 2934 Burmann
1480 2898 1562 2947 408
1590 2896 1792 2949 primum]
1814 2897 1882 2936 cui

206 2962 297 2988 mos
316 2949 483 3000 Bentley
649 2963 731 2999 409
761 2950 850 3002 cui]
872 2956 936 2989 est
957 2951 1122 3000 Bentley
1315 2965 1396 3001 410
1427 2951 1673 3001 impositum
1695 2951 1882 2991 cinerem

203 3002 341 3042 iunxit
355 3004 522 3054 Bentley
688 3017 767 3052 412
796 3018 1002 3044 exercens
1025 3004 1078 3043 M
