<?xml version="1.0" encoding="UTF-8"?>
<!DOCTYPE html PUBLIC "-//W3C//DTD XHTML 1.0 Transitional//EN"
    "http://www.w3.org/TR/xhtml1/DTD/xhtml1-transitional.dtd">
<html xmlns="http://www.w3.org/1999/xhtml" xml:lang="en" lang="en">
 <head>
  <title>
</title>
<meta http-equiv="Content-Type" content="text/html;charset=utf-8" />
  <meta name='ocr-system' content='tesseract 3.04.00' />
  <meta name='ocr-capabilities' content='ocr_page ocr_carea ocr_par ocr_line ocrx_word'/>
</head>
<body>
  <div class='ocr_page' id='page_1' title='image "./operarecognovitb00virguoft_0058.png"; bbox 0 0 2020 3372; ppageno 0'>
   <div class='ocr_carea' id='block_1_1' title="bbox 220 135 978 186">
    <p class='ocr_par' dir='ltr' id='par_1_1' title="bbox 220 135 978 186">
     <span class='ocr_line' id='line_1_1' title="bbox 220 135 978 186; baseline 0.001 -3"><span class='ocrx_word' id='word_1_1' title='bbox 220 138 272 183; x_wconf 92' lang='lat' dir='ltr'>P.</span> <span class='ocrx_word' id='word_1_2' title='bbox 313 137 612 185; x_wconf 91' lang='lat' dir='ltr'>VERGILI</span> <span class='ocrx_word' id='word_1_3' title='bbox 652 135 978 186; x_wconf 89' lang='lat' dir='ltr'>MARONIS</span> 
     </span>
    </p>
   </div>
   <div class='ocr_carea' id='block_1_2' title="bbox 221 277 1521 342">
    <p class='ocr_par' dir='ltr' id='par_1_2' title="bbox 221 277 1521 342">
     <span class='ocr_line' id='line_1_2' title="bbox 221 277 1521 342; baseline 0.001 -16"><span class='ocrx_word' id='word_1_4' title='bbox 221 286 269 326; x_wconf 90' lang='lat' dir='ltr'>et</span> <span class='ocrx_word' id='word_1_5' title='bbox 304 277 471 342; x_wconf 91' lang='lat' dir='ltr'>pluvia</span> <span class='ocrx_word' id='word_1_6' title='bbox 507 277 694 341; x_wconf 82' lang='lat' dir='ltr'>ingenti</span> <span class='ocrx_word' id='word_1_7' title='bbox 731 287 836 326; x_wconf 89' lang='lat' dir='ltr'>sata</span> <span class='ocrx_word' id='word_1_8' title='bbox 871 280 1000 327; x_wconf 91' lang='lat' dir='ltr'>laeta</span> <span class='ocrx_word' id='word_1_9' title='bbox 1035 278 1291 342; x_wconf 88' lang='lat' dir='ltr'>boumque</span> <span class='ocrx_word' id='word_1_10' title='bbox 1327 279 1521 328; x_wconf 90' lang='lat' dir='ltr'>labores</span> 
     </span>
    </p>
   </div>
   <div class='ocr_carea' id='block_1_3' title="bbox 222 358 1727 422">
    <p class='ocr_par' dir='ltr' id='par_1_3' title="bbox 222 358 1727 422">
     <span class='ocr_line' id='line_1_3' title="bbox 222 358 1727 422; baseline 0.003 -16"><span class='ocrx_word' id='word_1_11' title='bbox 222 358 364 407; x_wconf 89' lang='lat' dir='ltr'>diluit</span> <span class='ocrx_word' id='word_1_12' title='bbox 382 377 395 419; x_wconf 79' lang='lat'><em>3</em></span> <span class='ocrx_word' id='word_1_13' title='bbox 445 359 713 422; x_wconf 86' lang='lat' dir='ltr'>implentur</span> <span class='ocrx_word' id='word_1_14' title='bbox 748 361 909 408; x_wconf 89' lang='lat' dir='ltr'>fossae</span> <span class='ocrx_word' id='word_1_15' title='bbox 947 368 995 408; x_wconf 91' lang='lat' dir='ltr'>et</span> <span class='ocrx_word' id='word_1_16' title='bbox 1032 376 1151 408; x_wconf 91' lang='lat' dir='ltr'>cava</span> <span class='ocrx_word' id='word_1_17' title='bbox 1187 359 1394 409; x_wconf 86' lang='lat' dir='ltr'>flumina</span> <span class='ocrx_word' id='word_1_18' title='bbox 1430 369 1657 410; x_wconf 87' lang='lat' dir='ltr'>crescunt</span> <span class='ocrx_word' id='word_1_19' title='bbox 1723 364 1727 367; x_wconf 84' lang='grc'><strong>’</strong></span> 
     </span>
    </p>
   </div>
   <div class='ocr_carea' id='block_1_4' title="bbox 216 439 1659 1642">
    <p class='ocr_par' dir='ltr' id='par_1_4' title="bbox 216 439 1563 746">
     <span class='ocr_line' id='line_1_4' title="bbox 219 439 1563 504; baseline 0.002 -17"><span class='ocrx_word' id='word_1_20' title='bbox 219 456 335 488; x_wconf 93' lang='lat' dir='ltr'>cum</span> <span class='ocrx_word' id='word_1_21' title='bbox 372 439 537 488; x_wconf 91' lang='lat' dir='ltr'>sonitu</span> <span class='ocrx_word' id='word_1_22' title='bbox 573 442 826 503; x_wconf 88' lang='lat' dir='ltr'>fervetque</span> <span class='ocrx_word' id='word_1_23' title='bbox 862 439 995 488; x_wconf 88' lang='lat' dir='ltr'>fretis</span> <span class='ocrx_word' id='word_1_24' title='bbox 1032 439 1330 503; x_wconf 84' lang='lat' dir='ltr'>spirantibus</span> <span class='ocrx_word' id='word_1_25' title='bbox 1366 457 1563 504; x_wconf 89' lang='lat' dir='ltr'>aequor.</span> 
     </span>
     <span class='ocr_line' id='line_1_5' title="bbox 217 520 1542 584; baseline 0.002 -15"><span class='ocrx_word' id='word_1_26' title='bbox 217 521 323 584; x_wconf 90' lang='lat' dir='ltr'>ipse</span> <span class='ocrx_word' id='word_1_27' title='bbox 362 530 499 584; x_wconf 90' lang='lat' dir='ltr'>pater</span> <span class='ocrx_word' id='word_1_28' title='bbox 537 520 703 570; x_wconf 92' lang='lat' dir='ltr'>media</span> <span class='ocrx_word' id='word_1_29' title='bbox 739 520 1024 570; x_wconf 89' lang='lat' dir='ltr'>nimborum</span> <span class='ocrx_word' id='word_1_30' title='bbox 1061 521 1113 570; x_wconf 92' lang='lat' dir='ltr'>in</span> <span class='ocrx_word' id='word_1_31' title='bbox 1150 531 1298 571; x_wconf 90' lang='lat' dir='ltr'>nocte</span> <span class='ocrx_word' id='word_1_32' title='bbox 1335 539 1542 573; x_wconf 86' lang='lat' dir='ltr'>corusca</span> 
     </span>
     <span class='ocr_line' id='line_1_6' title="bbox 216 601 1481 665; baseline 0.002 -15"><span class='ocrx_word' id='word_1_33' title='bbox 216 601 426 651; x_wconf 86' lang='lat' dir='ltr'>fulmina</span> <span class='ocrx_word' id='word_1_34' title='bbox 465 602 665 651; x_wconf 92' lang='lat' dir='ltr'>molitur</span> <span class='ocrx_word' id='word_1_35' title='bbox 701 604 903 651; x_wconf 88' lang='lat' dir='ltr'>dextra:</span> <span class='ocrx_word' id='word_1_36' title='bbox 953 619 1053 665; x_wconf 90' lang='lat' dir='ltr'>quo</span> <span class='ocrx_word' id='word_1_37' title='bbox 1090 603 1304 652; x_wconf 88' lang='lat' dir='ltr'>maxima</span> <span class='ocrx_word' id='word_1_38' title='bbox 1341 613 1481 653; x_wconf 90' lang='lat' dir='ltr'>motu</span> 
     </span>
     <span class='ocr_line' id='line_1_7' title="bbox 219 683 1497 746; baseline 0.002 -15"><span class='ocrx_word' id='word_1_39' title='bbox 219 693 344 732; x_wconf 90' lang='lat' dir='ltr'>terra</span> <span class='ocrx_word' id='word_1_40' title='bbox 383 683 546 731; x_wconf 88' lang='lat' dir='ltr'>tremit</span> <span class='ocrx_word' id='word_1_41' title='bbox 564 701 577 743; x_wconf 77' lang='lat'><em>3</em></span> <span class='ocrx_word' id='word_1_42' title='bbox 627 685 795 746; x_wconf 86' lang='lat' dir='ltr'>fugere</span> <span class='ocrx_word' id='word_1_43' title='bbox 831 685 962 732; x_wconf 90' lang='lat' dir='ltr'>ferae</span> <span class='ocrx_word' id='word_1_44' title='bbox 999 693 1048 732; x_wconf 91' lang='lat' dir='ltr'>et</span> <span class='ocrx_word' id='word_1_45' title='bbox 1085 684 1310 733; x_wconf 89' lang='lat' dir='ltr'>mortalia</span> <span class='ocrx_word' id='word_1_46' title='bbox 1346 687 1497 734; x_wconf 90' lang='lat' dir='ltr'>corda</span> 
     </span>
    </p>

    <p class='ocr_par' dir='ltr' id='par_1_5' title="bbox 217 764 1659 1236">
     <span class='ocr_line' id='line_1_8' title="bbox 218 764 1558 829; baseline 0.001 -17"><span class='ocrx_word' id='word_1_47' title='bbox 218 781 304 828; x_wconf 92' lang='lat' dir='ltr'>per</span> <span class='ocrx_word' id='word_1_48' title='bbox 340 764 499 827; x_wconf 90' lang='lat' dir='ltr'>gentis</span> <span class='ocrx_word' id='word_1_49' title='bbox 539 764 740 813; x_wconf 90' lang='lat' dir='ltr'>humilis</span> <span class='ocrx_word' id='word_1_50' title='bbox 779 765 946 814; x_wconf 91' lang='lat' dir='ltr'>stravit</span> <span class='ocrx_word' id='word_1_51' title='bbox 984 782 1166 829; x_wconf 86' lang='lat' dir='ltr'>pavor:</span> <span class='ocrx_word' id='word_1_52' title='bbox 1216 765 1297 814; x_wconf 89' lang='lat' dir='ltr'>ille</span> <span class='ocrx_word' id='word_1_53' title='bbox 1334 764 1558 829; x_wconf 89' lang='lat' dir='ltr'>flagranti</span> 
     </span>
     <span class='ocr_line' id='line_1_9' title="bbox 217 846 1636 908; baseline 0.001 -14"><span class='ocrx_word' id='word_1_54' title='bbox 217 855 301 894; x_wconf 90' lang='lat' dir='ltr'>aut</span> <span class='ocrx_word' id='word_1_55' title='bbox 339 847 511 894; x_wconf 89' lang='lat' dir='ltr'>Athon</span> <span class='ocrx_word' id='word_1_56' title='bbox 550 854 635 893; x_wconf 90' lang='lat' dir='ltr'>aut</span> <span class='ocrx_word' id='word_1_57' title='bbox 674 846 962 908; x_wconf 81' lang='lat' dir='ltr'>Rhodopen</span> <span class='ocrx_word' id='word_1_58' title='bbox 999 855 1084 894; x_wconf 89' lang='lat' dir='ltr'>aut</span> <span class='ocrx_word' id='word_1_59' title='bbox 1120 848 1219 894; x_wconf 90' lang='lat' dir='ltr'>alta</span> <span class='ocrx_word' id='word_1_60' title='bbox 1256 846 1502 896; x_wconf 83' lang='lat' dir='ltr'>Ceraunia</span> <span class='ocrx_word' id='word_1_61' title='bbox 1536 847 1636 895; x_wconf 92' lang='lat' dir='ltr'>telo</span> 
     </span>
     <span class='ocr_line' id='line_1_10' title="bbox 218 926 1624 990; baseline -0.001 -14"><span class='ocrx_word' id='word_1_62' title='bbox 218 927 367 976; x_wconf 88' lang='lat' dir='ltr'>deicit</span> <span class='ocrx_word' id='word_1_63' title='bbox 385 946 398 988; x_wconf 87' lang='lat'>,·</span> <span class='ocrx_word' id='word_1_64' title='bbox 436 926 744 990; x_wconf 86' lang='lat' dir='ltr'>ingeminant</span> <span class='ocrx_word' id='word_1_65' title='bbox 783 926 952 975; x_wconf 88' lang='lat' dir='ltr'>Austri</span> <span class='ocrx_word' id='word_1_66' title='bbox 989 936 1037 975; x_wconf 87' lang='lat' dir='ltr'>et</span> <span class='ocrx_word' id='word_1_67' title='bbox 1076 926 1398 976; x_wconf 89' lang='lat' dir='ltr'>densissimus</span> <span class='ocrx_word' id='word_1_68' title='bbox 1434 927 1624 975; x_wconf 85' lang='lat' dir='ltr'>imber:</span> 
     </span>
     <span class='ocr_line' id='line_1_11' title="bbox 217 1008 1659 1072; baseline -0.001 -15"><span class='ocrx_word' id='word_1_69' title='bbox 217 1026 350 1057; x_wconf 92' lang='lat' dir='ltr'>nunc</span> <span class='ocrx_word' id='word_1_70' title='bbox 388 1025 592 1057; x_wconf 91' lang='lat' dir='ltr'>nemora</span> <span class='ocrx_word' id='word_1_71' title='bbox 629 1008 817 1072; x_wconf 84' lang='lat' dir='ltr'>ingenti</span> <span class='ocrx_word' id='word_1_72' title='bbox 855 1018 1018 1068; x_wconf 88' lang='lat' dir='ltr'>vento,</span> <span class='ocrx_word' id='word_1_73' title='bbox 1060 1026 1194 1057; x_wconf 92' lang='lat' dir='ltr'>nunc</span> <span class='ocrx_word' id='word_1_74' title='bbox 1231 1008 1373 1057; x_wconf 89' lang='lat' dir='ltr'>litora</span> <span class='ocrx_word' id='word_1_75' title='bbox 1407 1010 1659 1072; x_wconf 89' lang='lat' dir='ltr'>plangunt.</span> 
     </span>
     <span class='ocr_line' id='line_1_12' title="bbox 218 1090 1438 1151; baseline 0.001 -13"><span class='ocrx_word' id='word_1_76' title='bbox 218 1093 314 1140; x_wconf 92' lang='lat' dir='ltr'>hoc</span> <span class='ocrx_word' id='word_1_77' title='bbox 351 1100 578 1139; x_wconf 90' lang='lat' dir='ltr'>metuens</span> <span class='ocrx_word' id='word_1_78' title='bbox 617 1090 741 1140; x_wconf 90' lang='lat' dir='ltr'>caeli</span> <span class='ocrx_word' id='word_1_79' title='bbox 780 1090 964 1140; x_wconf 92' lang='lat' dir='ltr'>mensis</span> <span class='ocrx_word' id='word_1_80' title='bbox 1004 1100 1052 1139; x_wconf 94' lang='lat' dir='ltr'>et</span> <span class='ocrx_word' id='word_1_81' title='bbox 1091 1090 1251 1139; x_wconf 90' lang='lat' dir='ltr'>sidera</span> <span class='ocrx_word' id='word_1_82' title='bbox 1287 1107 1438 1151; x_wconf 86' lang='lat' dir='ltr'>serva,</span> 
     </span>
     <span class='ocr_line' id='line_1_13' title="bbox 217 1172 1354 1236; baseline 0.001 -16"><span class='ocrx_word' id='word_1_83' title='bbox 217 1172 391 1236; x_wconf 86' lang='lat' dir='ltr'>frigida</span> <span class='ocrx_word' id='word_1_84' title='bbox 427 1172 623 1221; x_wconf 88' lang='lat' dir='ltr'>Saturni</span> <span class='ocrx_word' id='word_1_85' title='bbox 661 1189 768 1221; x_wconf 92' lang='lat' dir='ltr'>sese</span> <span class='ocrx_word' id='word_1_86' title='bbox 807 1190 907 1236; x_wconf 89' lang='lat' dir='ltr'>quo</span> <span class='ocrx_word' id='word_1_87' title='bbox 946 1174 1086 1221; x_wconf 87' lang='lat' dir='ltr'>stella</span> <span class='ocrx_word' id='word_1_88' title='bbox 1123 1181 1354 1235; x_wconf 87' lang='lat' dir='ltr'>receptet,</span> 
     </span>
    </p>

    <p class='ocr_par' dir='ltr' id='par_1_6' title="bbox 218 1254 1407 1318">
     <span class='ocr_line' id='line_1_14' title="bbox 218 1254 1407 1318; baseline -0.001 -15"><span class='ocrx_word' id='word_1_89' title='bbox 218 1272 343 1318; x_wconf 86' lang='lat' dir='ltr'>quos</span> <span class='ocrx_word' id='word_1_90' title='bbox 380 1254 504 1318; x_wconf 89' lang='lat' dir='ltr'>ignis</span> <span class='ocrx_word' id='word_1_91' title='bbox 542 1256 681 1303; x_wconf 90' lang='lat' dir='ltr'>caelo</span> <span class='ocrx_word' id='word_1_92' title='bbox 720 1255 973 1317; x_wconf 92' lang='lat' dir='ltr'>Cyllenius</span> <span class='ocrx_word' id='word_1_93' title='bbox 1013 1264 1138 1303; x_wconf 89' lang='lat' dir='ltr'>erret</span> <span class='ocrx_word' id='word_1_94' title='bbox 1174 1254 1226 1302; x_wconf 91' lang='lat' dir='ltr'>in</span> <span class='ocrx_word' id='word_1_95' title='bbox 1263 1254 1407 1303; x_wconf 88' lang='lat' dir='ltr'>orbis.</span> 
     </span>
    </p>

    <p class='ocr_par' dir='ltr' id='par_1_7' title="bbox 218 1335 1560 1642">
     <span class='ocr_line' id='line_1_15' title="bbox 218 1335 1560 1400; baseline 0.001 -17"><span class='ocrx_word' id='word_1_96' title='bbox 218 1335 268 1383; x_wconf 92' lang='lat' dir='ltr'>in</span> <span class='ocrx_word' id='word_1_97' title='bbox 306 1335 475 1398; x_wconf 91' lang='lat' dir='ltr'>primis</span> <span class='ocrx_word' id='word_1_98' title='bbox 512 1353 744 1384; x_wconf 90' lang='lat' dir='ltr'>venerare</span> <span class='ocrx_word' id='word_1_99' title='bbox 784 1337 920 1395; x_wconf 88' lang='lat' dir='ltr'>deos,</span> <span class='ocrx_word' id='word_1_100' title='bbox 963 1346 1112 1399; x_wconf 89' lang='lat' dir='ltr'>atque</span> <span class='ocrx_word' id='word_1_101' title='bbox 1151 1353 1316 1384; x_wconf 91' lang='lat' dir='ltr'>annua</span> <span class='ocrx_word' id='word_1_102' title='bbox 1352 1353 1560 1400; x_wconf 89' lang='lat' dir='ltr'>magnae</span> 
     </span>
     <span class='ocr_line' id='line_1_16' title="bbox 220 1416 1457 1480; baseline 0.001 -15"><span class='ocrx_word' id='word_1_103' title='bbox 220 1433 356 1465; x_wconf 93' lang='lat' dir='ltr'>sacra</span> <span class='ocrx_word' id='word_1_104' title='bbox 391 1418 515 1465; x_wconf 88' lang='lat' dir='ltr'>refer</span> <span class='ocrx_word' id='word_1_105' title='bbox 552 1416 719 1466; x_wconf 89' lang='lat' dir='ltr'>Cereri</span> <span class='ocrx_word' id='word_1_106' title='bbox 757 1417 895 1466; x_wconf 88' lang='lat' dir='ltr'>laetis</span> <span class='ocrx_word' id='word_1_107' title='bbox 937 1426 1166 1480; x_wconf 90' lang='lat' dir='ltr'>operatus</span> <span class='ocrx_word' id='word_1_108' title='bbox 1204 1417 1255 1465; x_wconf 92' lang='lat' dir='ltr'>in</span> <span class='ocrx_word' id='word_1_109' title='bbox 1293 1417 1457 1466; x_wconf 91' lang='lat' dir='ltr'>herbis</span> 
     </span>
     <span class='ocr_line' id='line_1_17' title="bbox 221 1498 1551 1558; baseline 0.002 -13"><span class='ocrx_word' id='word_1_110' title='bbox 221 1506 466 1546; x_wconf 88' lang='lat' dir='ltr'>extremae</span> <span class='ocrx_word' id='word_1_111' title='bbox 503 1498 596 1546; x_wconf 93' lang='lat' dir='ltr'>sub</span> <span class='ocrx_word' id='word_1_112' title='bbox 633 1515 804 1546; x_wconf 92' lang='lat' dir='ltr'>casum</span> <span class='ocrx_word' id='word_1_113' title='bbox 844 1498 1035 1558; x_wconf 88' lang='lat' dir='ltr'>hiemis,</span> <span class='ocrx_word' id='word_1_114' title='bbox 1078 1498 1175 1547; x_wconf 91' lang='lat' dir='ltr'>iam</span> <span class='ocrx_word' id='word_1_115' title='bbox 1213 1516 1326 1547; x_wconf 90' lang='lat' dir='ltr'>vere</span> <span class='ocrx_word' id='word_1_116' title='bbox 1364 1516 1551 1548; x_wconf 87' lang='lat' dir='ltr'>sereno.</span> 
     </span>
     <span class='ocr_line' id='line_1_18' title="bbox 221 1578 1444 1642; baseline 0.002 -16"><span class='ocrx_word' id='word_1_117' title='bbox 221 1587 327 1626; x_wconf 93' lang='lat' dir='ltr'>tum</span> <span class='ocrx_word' id='word_1_118' title='bbox 363 1578 573 1642; x_wconf 88' lang='lat' dir='ltr'>pingues</span> <span class='ocrx_word' id='word_1_119' title='bbox 607 1579 724 1642; x_wconf 89' lang='lat' dir='ltr'>agni</span> <span class='ocrx_word' id='word_1_120' title='bbox 759 1589 807 1628; x_wconf 87' lang='lat' dir='ltr'>et</span> <span class='ocrx_word' id='word_1_121' title='bbox 845 1589 951 1628; x_wconf 91' lang='lat' dir='ltr'>tum</span> <span class='ocrx_word' id='word_1_122' title='bbox 991 1579 1281 1629; x_wconf 87' lang='lat' dir='ltr'>mollissima</span> <span class='ocrx_word' id='word_1_123' title='bbox 1317 1579 1444 1640; x_wconf 90' lang='lat' dir='ltr'>vina,</span> 
     </span>
    </p>
   </div>
   <div class='ocr_carea' id='block_1_5' title="bbox 222 1661 1701 1725">
    <p class='ocr_par' dir='ltr' id='par_1_8' title="bbox 222 1661 1701 1725">
     <span class='ocr_line' id='line_1_19' title="bbox 222 1661 1701 1725; baseline 0.001 -16"><span class='ocrx_word' id='word_1_124' title='bbox 222 1671 328 1710; x_wconf 91' lang='lat' dir='ltr'>tum</span> <span class='ocrx_word' id='word_1_125' title='bbox 366 1661 529 1710; x_wconf 90' lang='lat' dir='ltr'>somni</span> <span class='ocrx_word' id='word_1_126' title='bbox 565 1663 736 1710; x_wconf 85' lang='lat' dir='ltr'>dulces</span> <span class='ocrx_word' id='word_1_127' title='bbox 778 1663 1063 1725; x_wconf 87' lang='lat' dir='ltr'>densaeque</span> <span class='ocrx_word' id='word_1_128' title='bbox 1103 1662 1154 1711; x_wconf 93' lang='lat' dir='ltr'>in</span> <span class='ocrx_word' id='word_1_129' title='bbox 1194 1662 1448 1711; x_wconf 92' lang='lat' dir='ltr'>montibus</span> <span class='ocrx_word' id='word_1_130' title='bbox 1485 1663 1701 1712; x_wconf 89' lang='lat' dir='ltr'>umbrae.</span> 
     </span>
    </p>
   </div>
   <div class='ocr_carea' id='block_1_6' title="bbox 223 1742 1652 2796">
    <p class='ocr_par' dir='ltr' id='par_1_9' title="bbox 223 1742 1477 1806">
     <span class='ocr_line' id='line_1_20' title="bbox 223 1742 1477 1806; baseline 0 -15"><span class='ocrx_word' id='word_1_131' title='bbox 223 1753 401 1792; x_wconf 92' lang='lat' dir='ltr'>cuncta</span> <span class='ocrx_word' id='word_1_132' title='bbox 437 1742 527 1791; x_wconf 91' lang='lat' dir='ltr'>tibi</span> <span class='ocrx_word' id='word_1_133' title='bbox 564 1744 797 1792; x_wconf 90' lang='lat' dir='ltr'>Cererem</span> <span class='ocrx_word' id='word_1_134' title='bbox 836 1743 994 1806; x_wconf 93' lang='lat' dir='ltr'>pubes</span> <span class='ocrx_word' id='word_1_135' title='bbox 1034 1743 1235 1806; x_wconf 89' lang='lat' dir='ltr'>agrestis</span> <span class='ocrx_word' id='word_1_136' title='bbox 1272 1745 1477 1792; x_wconf 91' lang='lat' dir='ltr'>adoret:</span> 
     </span>
    </p>

    <p class='ocr_par' dir='ltr' id='par_1_10' title="bbox 223 1823 1384 1884">
     <span class='ocr_line' id='line_1_21' title="bbox 223 1823 1384 1884; baseline 0.001 -12"><span class='ocrx_word' id='word_1_137' title='bbox 223 1824 302 1872; x_wconf 93' lang='lat' dir='ltr'>cui</span> <span class='ocrx_word' id='word_1_138' title='bbox 339 1833 391 1872; x_wconf 93' lang='lat' dir='ltr'>tu</span> <span class='ocrx_word' id='word_1_139' title='bbox 427 1825 554 1872; x_wconf 89' lang='lat' dir='ltr'>lacte</span> <span class='ocrx_word' id='word_1_140' title='bbox 590 1825 727 1872; x_wconf 91' lang='lat' dir='ltr'>favos</span> <span class='ocrx_word' id='word_1_141' title='bbox 765 1833 813 1872; x_wconf 91' lang='lat' dir='ltr'>et</span> <span class='ocrx_word' id='word_1_142' title='bbox 851 1823 958 1872; x_wconf 90' lang='lat' dir='ltr'>miti</span> <span class='ocrx_word' id='word_1_143' title='bbox 997 1824 1131 1873; x_wconf 91' lang='lat' dir='ltr'>dilue</span> <span class='ocrx_word' id='word_1_144' title='bbox 1169 1826 1384 1884; x_wconf 89' lang='lat' dir='ltr'>Baccho,</span> 
     </span>
    </p>

    <p class='ocr_par' dir='ltr' id='par_1_11' title="bbox 223 1905 1484 1971">
     <span class='ocr_line' id='line_1_22' title="bbox 223 1905 1484 1971; baseline 0 -16"><span class='ocrx_word' id='word_1_145' title='bbox 223 1916 394 1969; x_wconf 90' lang='lat' dir='ltr'>terque</span> <span class='ocrx_word' id='word_1_146' title='bbox 431 1923 584 1954; x_wconf 89' lang='lat' dir='ltr'>novas</span> <span class='ocrx_word' id='word_1_147' title='bbox 622 1905 808 1954; x_wconf 91' lang='lat' dir='ltr'>circum</span> <span class='ocrx_word' id='word_1_148' title='bbox 844 1906 959 1954; x_wconf 86' lang='lat' dir='ltr'>felix</span> <span class='ocrx_word' id='word_1_149' title='bbox 996 1916 1074 1955; x_wconf 89' lang='lat' dir='ltr'>eat</span> <span class='ocrx_word' id='word_1_150' title='bbox 1111 1906 1273 1955; x_wconf 90' lang='lat' dir='ltr'>hostia</span> <span class='ocrx_word' id='word_1_151' title='bbox 1308 1909 1484 1971; x_wconf 86' lang='lat' dir='ltr'>fruges,</span> 
     </span>
    </p>

    <p class='ocr_par' dir='ltr' id='par_1_12' title="bbox 225 1987 1626 2050">
     <span class='ocr_line' id='line_1_23' title="bbox 225 1987 1626 2050; baseline -0.001 -13"><span class='ocrx_word' id='word_1_152' title='bbox 225 1987 386 2037; x_wconf 90' lang='lat' dir='ltr'>omnis</span> <span class='ocrx_word' id='word_1_153' title='bbox 423 2004 574 2050; x_wconf 88' lang='lat' dir='ltr'>quam</span> <span class='ocrx_word' id='word_1_154' title='bbox 611 1989 791 2036; x_wconf 94' lang='lat' dir='ltr'>chorus</span> <span class='ocrx_word' id='word_1_155' title='bbox 830 1997 878 2036; x_wconf 89' lang='lat' dir='ltr'>et</span> <span class='ocrx_word' id='word_1_156' title='bbox 916 1987 1037 2036; x_wconf 90' lang='lat' dir='ltr'>socii</span> <span class='ocrx_word' id='word_1_157' title='bbox 1075 1987 1373 2036; x_wconf 89' lang='lat' dir='ltr'>comitentur</span> <span class='ocrx_word' id='word_1_158' title='bbox 1409 1997 1626 2047; x_wconf 90' lang='lat' dir='ltr'>ovantes,</span> 
     </span>
    </p>

    <p class='ocr_par' dir='ltr' id='par_1_13' title="bbox 225 2069 1652 2133">
     <span class='ocr_line' id='line_1_24' title="bbox 225 2069 1652 2133; baseline 0.001 -15"><span class='ocrx_word' id='word_1_159' title='bbox 225 2079 273 2118; x_wconf 84' lang='lat' dir='ltr'>et</span> <span class='ocrx_word' id='word_1_160' title='bbox 310 2071 543 2119; x_wconf 87' lang='lat' dir='ltr'>Cererem</span> <span class='ocrx_word' id='word_1_161' title='bbox 580 2071 796 2118; x_wconf 89' lang='lat' dir='ltr'>clamore</span> <span class='ocrx_word' id='word_1_162' title='bbox 833 2079 1013 2118; x_wconf 90' lang='lat' dir='ltr'>vocent</span> <span class='ocrx_word' id='word_1_163' title='bbox 1046 2069 1101 2117; x_wconf 54' lang='lat' dir='ltr'>&gt;in</span> <span class='ocrx_word' id='word_1_164' title='bbox 1139 2079 1302 2131; x_wconf 82' lang='lat' dir='ltr'>tecta3</span> <span class='ocrx_word' id='word_1_165' title='bbox 1338 2087 1501 2133; x_wconf 89' lang='lat' dir='ltr'>neque</span> <span class='ocrx_word' id='word_1_166' title='bbox 1536 2079 1652 2119; x_wconf 90' lang='lat' dir='ltr'>ante</span> 
     </span>
    </p>

    <p class='ocr_par' dir='ltr' id='par_1_14' title="bbox 224 2151 1425 2215">
     <span class='ocr_line' id='line_1_25' title="bbox 224 2151 1425 2215; baseline 0.001 -16"><span class='ocrx_word' id='word_1_167' title='bbox 224 2153 402 2200; x_wconf 88' lang='lat' dir='ltr'>falcem</span> <span class='ocrx_word' id='word_1_168' title='bbox 439 2151 641 2200; x_wconf 88' lang='lat' dir='ltr'>maturis</span> <span class='ocrx_word' id='word_1_169' title='bbox 681 2151 944 2215; x_wconf 88' lang='lat' dir='ltr'>quisquam</span> <span class='ocrx_word' id='word_1_170' title='bbox 985 2161 1233 2214; x_wconf 88' lang='lat' dir='ltr'>supponat</span> <span class='ocrx_word' id='word_1_171' title='bbox 1268 2152 1425 2201; x_wconf 87' lang='lat' dir='ltr'>aristis</span> 
     </span>
    </p>

    <p class='ocr_par' dir='ltr' id='par_1_15' title="bbox 226 2235 1522 2300">
     <span class='ocr_line' id='line_1_26' title="bbox 226 2235 1522 2300; baseline 0 -15"><span class='ocrx_word' id='word_1_172' title='bbox 226 2254 376 2300; x_wconf 89' lang='lat' dir='ltr'>quam</span> <span class='ocrx_word' id='word_1_173' title='bbox 414 2235 582 2286; x_wconf 91' lang='lat' dir='ltr'>Cereri</span> <span class='ocrx_word' id='word_1_174' title='bbox 618 2245 744 2284; x_wconf 89' lang='lat' dir='ltr'>torta</span> <span class='ocrx_word' id='word_1_175' title='bbox 783 2235 1039 2284; x_wconf 89' lang='lat' dir='ltr'>redimitus</span> <span class='ocrx_word' id='word_1_176' title='bbox 1078 2245 1302 2299; x_wconf 91' lang='lat' dir='ltr'>tempora</span> <span class='ocrx_word' id='word_1_177' title='bbox 1338 2253 1522 2299; x_wconf 89' lang='lat' dir='ltr'>quercu</span> 
     </span>
    </p>

    <p class='ocr_par' dir='ltr' id='par_1_16' title="bbox 227 2318 1626 2467">
     <span class='ocr_line' id='line_1_27' title="bbox 227 2318 1435 2382; baseline 0.001 -14"><span class='ocrx_word' id='word_1_178' title='bbox 227 2321 311 2368; x_wconf 90' lang='lat' dir='ltr'>det</span> <span class='ocrx_word' id='word_1_179' title='bbox 347 2328 512 2368; x_wconf 88' lang='lat' dir='ltr'>motus</span> <span class='ocrx_word' id='word_1_180' title='bbox 549 2318 909 2382; x_wconf 89' lang='lat' dir='ltr'>incompositos</span> <span class='ocrx_word' id='word_1_181' title='bbox 950 2329 998 2368; x_wconf 90' lang='lat' dir='ltr'>et</span> <span class='ocrx_word' id='word_1_182' title='bbox 1037 2319 1256 2370; x_wconf 88' lang='lat' dir='ltr'>carmina</span> <span class='ocrx_word' id='word_1_183' title='bbox 1291 2319 1435 2369; x_wconf 87' lang='lat' dir='ltr'>dicat.</span> 
     </span>
     <span class='ocr_line' id='line_1_28' title="bbox 294 2401 1626 2467; baseline 0.003 -20"><span class='ocrx_word' id='word_1_184' title='bbox 294 2403 460 2463; x_wconf 91' lang='lat' dir='ltr'>Atque</span> <span class='ocrx_word' id='word_1_185' title='bbox 497 2402 620 2449; x_wconf 91' lang='lat' dir='ltr'>haec</span> <span class='ocrx_word' id='word_1_186' title='bbox 658 2410 712 2449; x_wconf 93' lang='lat' dir='ltr'>ut</span> <span class='ocrx_word' id='word_1_187' title='bbox 750 2401 894 2450; x_wconf 89' lang='lat' dir='ltr'>certis</span> <span class='ocrx_word' id='word_1_188' title='bbox 933 2419 1194 2465; x_wconf 90' lang='lat' dir='ltr'>possemus</span> <span class='ocrx_word' id='word_1_189' title='bbox 1237 2403 1426 2452; x_wconf 92' lang='lat' dir='ltr'>discere</span> <span class='ocrx_word' id='word_1_190' title='bbox 1463 2402 1626 2467; x_wconf 88' lang='lat' dir='ltr'>signis,</span> 
     </span>
    </p>

    <p class='ocr_par' dir='ltr' id='par_1_17' title="bbox 226 2483 1565 2550">
     <span class='ocr_line' id='line_1_29' title="bbox 226 2483 1565 2550; baseline 0.001 -18"><span class='ocrx_word' id='word_1_191' title='bbox 226 2492 490 2546; x_wconf 88' lang='lat' dir='ltr'>aestusque</span> <span class='ocrx_word' id='word_1_192' title='bbox 526 2483 816 2547; x_wconf 90' lang='lat' dir='ltr'>pluviasque</span> <span class='ocrx_word' id='word_1_193' title='bbox 855 2495 903 2535; x_wconf 90' lang='lat' dir='ltr'>et</span> <span class='ocrx_word' id='word_1_194' title='bbox 940 2486 1128 2550; x_wconf 89' lang='lat' dir='ltr'>agentis</span> <span class='ocrx_word' id='word_1_195' title='bbox 1166 2485 1342 2550; x_wconf 90' lang='lat' dir='ltr'>frigora</span> <span class='ocrx_word' id='word_1_196' title='bbox 1377 2495 1565 2545; x_wconf 88' lang='lat' dir='ltr'>ventos,</span> 
     </span>
    </p>

    <p class='ocr_par' dir='ltr' id='par_1_18' title="bbox 226 2565 1583 2630">
     <span class='ocr_line' id='line_1_30' title="bbox 226 2565 1583 2630; baseline 0.002 -18"><span class='ocrx_word' id='word_1_197' title='bbox 226 2565 331 2628; x_wconf 92' lang='lat' dir='ltr'>ipse</span> <span class='ocrx_word' id='word_1_198' title='bbox 367 2575 505 2628; x_wconf 88' lang='lat' dir='ltr'>pater</span> <span class='ocrx_word' id='word_1_199' title='bbox 541 2566 708 2614; x_wconf 89' lang='lat' dir='ltr'>statuit</span> <span class='ocrx_word' id='word_1_200' title='bbox 746 2567 868 2630; x_wconf 90' lang='lat' dir='ltr'>quid</span> <span class='ocrx_word' id='word_1_201' title='bbox 905 2578 1158 2617; x_wconf 88' lang='lat' dir='ltr'>menstrua</span> <span class='ocrx_word' id='word_1_202' title='bbox 1192 2570 1310 2616; x_wconf 91' lang='lat' dir='ltr'>luna</span> <span class='ocrx_word' id='word_1_203' title='bbox 1346 2577 1583 2627; x_wconf 89' lang='lat' dir='ltr'>moneret,</span> 
     </span>
    </p>

    <p class='ocr_par' dir='ltr' id='par_1_19' title="bbox 229 2647 1607 2715">
     <span class='ocr_line' id='line_1_31' title="bbox 229 2647 1607 2715; baseline 0.002 -20"><span class='ocrx_word' id='word_1_204' title='bbox 229 2664 329 2710; x_wconf 93' lang='lat' dir='ltr'>quo</span> <span class='ocrx_word' id='word_1_205' title='bbox 366 2647 506 2710; x_wconf 91' lang='lat' dir='ltr'>signo</span> <span class='ocrx_word' id='word_1_206' title='bbox 543 2651 778 2699; x_wconf 91' lang='lat' dir='ltr'>caderent</span> <span class='ocrx_word' id='word_1_207' title='bbox 818 2653 999 2712; x_wconf 88' lang='lat' dir='ltr'>Austri,</span> <span class='ocrx_word' id='word_1_208' title='bbox 1042 2651 1163 2715; x_wconf 90' lang='lat' dir='ltr'>quid</span> <span class='ocrx_word' id='word_1_209' title='bbox 1201 2667 1347 2713; x_wconf 90' lang='lat' dir='ltr'>saepe</span> <span class='ocrx_word' id='word_1_210' title='bbox 1383 2649 1607 2699; x_wconf 89' lang='lat' dir='ltr'>videntes</span> 
     </span>
    </p>

    <p class='ocr_par' dir='ltr' id='par_1_20' title="bbox 229 2728 1481 2796">
     <span class='ocr_line' id='line_1_32' title="bbox 229 2728 1481 2796; baseline 0.003 -20"><span class='ocrx_word' id='word_1_211' title='bbox 229 2728 468 2791; x_wconf 86' lang='lat' dir='ltr'>agricolae</span> <span class='ocrx_word' id='word_1_212' title='bbox 504 2732 706 2796; x_wconf 91' lang='lat' dir='ltr'>propius</span> <span class='ocrx_word' id='word_1_213' title='bbox 746 2733 949 2782; x_wconf 90' lang='lat' dir='ltr'>stabulis</span> <span class='ocrx_word' id='word_1_214' title='bbox 988 2743 1211 2782; x_wconf 88' lang='lat' dir='ltr'>armenta</span> <span class='ocrx_word' id='word_1_215' title='bbox 1246 2741 1481 2781; x_wconf 87' lang='lat' dir='ltr'>tenerent.</span> 
     </span>
    </p>
   </div>
   <div class='ocr_carea' id='block_1_7' title="bbox 1813 300 1891 342">
    <p class='ocr_par' dir='ltr' id='par_1_21' title="bbox 1813 300 1891 342">
     <span class='ocr_line' id='line_1_33' title="bbox 1813 300 1891 342; baseline 0.013 -1"><span class='ocrx_word' id='word_1_216' title='bbox 1813 300 1891 342; x_wconf 81' lang='lat'>325</span> 
     </span>
    </p>
   </div>
   <div class='ocr_carea' id='block_1_8' title="bbox 1816 705 1896 745">
    <p class='ocr_par' dir='ltr' id='par_1_22' title="bbox 1816 705 1896 745">
     <span class='ocr_line' id='line_1_34' title="bbox 1816 705 1896 745; baseline 0.013 -1"><span class='ocrx_word' id='word_1_217' title='bbox 1816 705 1896 745; x_wconf 85' lang='grc'>330</span> 
     </span>
    </p>
   </div>
   <div class='ocr_carea' id='block_1_9' title="bbox 1818 1110 1894 1151">
    <p class='ocr_par' dir='ltr' id='par_1_23' title="bbox 1818 1110 1894 1151">
     <span class='ocr_line' id='line_1_35' title="bbox 1818 1110 1894 1151; baseline 0.026 -2"><span class='ocrx_word' id='word_1_218' title='bbox 1818 1110 1894 1151; x_wconf 89' lang='grc'>335</span> 
     </span>
    </p>
   </div>
   <div class='ocr_carea' id='block_1_10' title="bbox 1819 1519 1898 1560">
    <p class='ocr_par' dir='ltr' id='par_1_24' title="bbox 1819 1519 1898 1560">
     <span class='ocr_line' id='line_1_36' title="bbox 1819 1519 1898 1560; baseline 0.025 -2"><span class='ocrx_word' id='word_1_219' title='bbox 1819 1519 1898 1560; x_wconf 76' lang='lat'>340</span> 
     </span>
    </p>
   </div>
   <div class='ocr_carea' id='block_1_11' title="bbox 1820 1926 1898 1966">
    <p class='ocr_par' dir='ltr' id='par_1_25' title="bbox 1820 1926 1898 1966">
     <span class='ocr_line' id='line_1_37' title="bbox 1820 1926 1898 1966; baseline 0.013 -1"><span class='ocrx_word' id='word_1_220' title='bbox 1820 1926 1898 1966; x_wconf 82' lang='lat'>345</span> 
     </span>
    </p>
   </div>
   <div class='ocr_carea' id='block_1_12' title="bbox 1822 2338 1900 2380">
    <p class='ocr_par' dir='ltr' id='par_1_26' title="bbox 1822 2338 1900 2380">
     <span class='ocr_line' id='line_1_38' title="bbox 1822 2338 1900 2380; baseline 0.026 -2"><span class='ocrx_word' id='word_1_221' title='bbox 1822 2338 1900 2380; x_wconf 82' lang='lat'>350</span> 
     </span>
    </p>
   </div>
   <div class='ocr_carea' id='block_1_13' title="bbox 1819 2750 1899 2790">
    <p class='ocr_par' dir='ltr' id='par_1_27' title="bbox 1819 2750 1899 2790">
     <span class='ocr_line' id='line_1_39' title="bbox 1819 2750 1899 2790; baseline 0.013 -1"><span class='ocrx_word' id='word_1_222' title='bbox 1819 2750 1899 2790; x_wconf 82' lang='lat'>355</span> 
     </span>
    </p>
   </div>
   <div class='ocr_carea' id='block_1_14' title="bbox 228 2858 1902 3023">
    <p class='ocr_par' dir='ltr' id='par_1_28' title="bbox 228 2858 1902 3023">
     <span class='ocr_line' id='line_1_40' title="bbox 260 2858 1902 2916; baseline -0.005 -12"><span class='ocrx_word' id='word_1_223' title='bbox 260 2893 261 2896; x_wconf 50' lang='lat'><em>=</em></span> <span class='ocrx_word' id='word_1_224' title='bbox 283 2877 473 2916; x_wconf 85' lang='lat'>325-355</span> <span class='ocrx_word' id='word_1_225' title='bbox 504 2864 596 2904; x_wconf 88' lang='lat' dir='ltr'>MR</span> <span class='ocrx_word' id='word_1_226' title='bbox 783 2878 861 2915; x_wconf 86' lang='lat'>327</span> <span class='ocrx_word' id='word_1_227' title='bbox 894 2864 1189 2914; x_wconf 88' lang='lat' dir='ltr'>spumantibus</span> <span class='ocrx_word' id='word_1_228' title='bbox 1203 2863 1246 2902; x_wconf 81' lang='lat' dir='ltr'><em>R</em></span> <span class='ocrx_word' id='word_1_229' title='bbox 1358 2874 1438 2911; x_wconf 83' lang='lat'>334</span> <span class='ocrx_word' id='word_1_230' title='bbox 1467 2860 1630 2911; x_wconf 89' lang='lat' dir='ltr'>plangit</span> <span class='ocrx_word' id='word_1_231' title='bbox 1643 2858 1709 2897; x_wconf 79' lang='lat' dir='ltr'>Rb</span> <span class='ocrx_word' id='word_1_232' title='bbox 1729 2862 1902 2897; x_wconf 83' lang='lat' dir='ltr'>testatur</span> 
     </span>
     <span class='ocr_line' id='line_1_41' title="bbox 228 2911 1895 2970; baseline -0.005 -12"><span class='ocrx_word' id='word_1_233' title='bbox 228 2918 339 2958; x_wconf 80' lang='lat' dir='ltr'><em>Serv.</em></span> <span class='ocrx_word' id='word_1_234' title='bbox 510 2932 590 2970; x_wconf 85' lang='lat'>337</span> <span class='ocrx_word' id='word_1_235' title='bbox 623 2919 729 2959; x_wconf 87' lang='lat' dir='ltr'>caeli</span> <span class='ocrx_word' id='word_1_236' title='bbox 751 2920 871 2969; x_wconf 74' lang='lat' dir='ltr'>R7bc</span> <span class='ocrx_word' id='word_1_237' title='bbox 888 2919 1001 2959; x_wconf 81' lang='lat' dir='ltr'><strong><em>Serv.</em></strong></span> <span class='ocrx_word' id='word_1_238' title='bbox 1118 2931 1201 2968; x_wconf 87' lang='lat'>339</span> <span class='ocrx_word' id='word_1_239' title='bbox 1230 2916 1395 2968; x_wconf 88' lang='lat' dir='ltr'>herbis]</span> <span class='ocrx_word' id='word_1_240' title='bbox 1415 2916 1532 2954; x_wconf 88' lang='lat' dir='ltr'>orbis</span> <span class='ocrx_word' id='word_1_241' title='bbox 1551 2913 1604 2952; x_wconf 93' lang='lat' dir='ltr'><em>M</em></span> <span class='ocrx_word' id='word_1_242' title='bbox 1607 2913 1644 2953; x_wconf 88' lang='lat'>¹:</span> <span class='ocrx_word' id='word_1_243' title='bbox 1669 2913 1780 2952; x_wconf 85' lang='lat' dir='ltr'>arbis</span> <span class='ocrx_word' id='word_1_244' title='bbox 1801 2911 1895 2950; x_wconf 68' lang='lat' dir='ltr'>M3:</span> 
     </span>
     <span class='ocr_line' id='line_1_42' title="bbox 229 2965 1896 3023; baseline -0.004 -11"><span class='ocrx_word' id='word_1_245' title='bbox 229 2975 339 3013; x_wconf 86' lang='lat' dir='ltr'>arvis</span> <span class='ocrx_word' id='word_1_246' title='bbox 360 2974 471 3014; x_wconf 89' lang='lat' dir='ltr'>codd.</span> <span class='ocrx_word' id='word_1_247' title='bbox 497 2974 703 3013; x_wconf 78' lang='lat' dir='ltr'>deten&#39;ores</span> <span class='ocrx_word' id='word_1_248' title='bbox 813 2986 895 3022; x_wconf 86' lang='lat'>340</span> <span class='ocrx_word' id='word_1_249' title='bbox 927 2986 1026 3013; x_wconf 89' lang='lat' dir='ltr'>casu</span> <span class='ocrx_word' id='word_1_250' title='bbox 1048 2973 1164 3023; x_wconf 75' lang='lat' dir='ltr'>R7²⁷r</span> <span class='ocrx_word' id='word_1_251' title='bbox 1286 2984 1363 3021; x_wconf 86' lang='lat'>341</span> <span class='ocrx_word' id='word_1_252' title='bbox 1396 2971 1494 3020; x_wconf 89' lang='lat' dir='ltr'>agni</span> <span class='ocrx_word' id='word_1_253' title='bbox 1514 2970 1696 3020; x_wconf 88' lang='lat' dir='ltr'>pingues</span> <span class='ocrx_word' id='word_1_254' title='bbox 1720 2981 1765 3006; x_wconf 77' lang='lat' dir='ltr'>cn</span> <span class='ocrx_word' id='word_1_255' title='bbox 1784 2965 1896 3006; x_wconf 84' lang='lat' dir='ltr'>codd.</span> 
     </span>
    </p>
   </div>
   <div class='ocr_carea' id='block_1_15' title="bbox 230 3020 1791 3078">
    <p class='ocr_par' dir='ltr' id='par_1_29' title="bbox 230 3020 1791 3078">
     <span class='ocr_line' id='line_1_43' title="bbox 230 3020 1791 3078; baseline -0.006 -10"><span class='ocrx_word' id='word_1_256' title='bbox 230 3028 434 3068; x_wconf 79' lang='lat' dir='ltr'>deteriores</span> <span class='ocrx_word' id='word_1_257' title='bbox 453 3028 568 3068; x_wconf 81' lang='lat' dir='ltr'>Serv.</span> <span class='ocrx_word' id='word_1_258' title='bbox 684 3040 761 3078; x_wconf 87' lang='lat'>351</span> <span class='ocrx_word' id='word_1_259' title='bbox 796 3029 1009 3078; x_wconf 89' lang='lat' dir='ltr'>possimus</span> <span class='ocrx_word' id='word_1_260' title='bbox 1031 3027 1164 3078; x_wconf 69' lang='lat' dir='ltr'><strong>M27cl</strong></span> <span class='ocrx_word' id='word_1_261' title='bbox 1276 3027 1420 3066; x_wconf 87' lang='lat' dir='ltr'>dicere</span> <span class='ocrx_word' id='word_1_262' title='bbox 1441 3025 1483 3063; x_wconf 86' lang='lat' dir='ltr'><em>R</em></span> <span class='ocrx_word' id='word_1_263' title='bbox 1499 3042 1507 3064; x_wconf 74' lang='grc' dir='ltr'>ε</span> <span class='ocrx_word' id='word_1_264' title='bbox 1542 3036 1720 3062; x_wconf 86' lang='lat' dir='ltr'>noscere</span> <span class='ocrx_word' id='word_1_265' title='bbox 1741 3020 1791 3059; x_wconf 94' lang='lat' dir='ltr'><em>M</em></span> 
     </span>
    </p>
   </div>
  </div>
 </body>
</html>
