2014 3372
219 125 273 175 P.
313 123 613 174 VERGILI
654 125 913 175 MARON
920 125 981 174 IS

221 280 336 314 cum
372 264 531 314 fatalis
569 281 726 328 equus
765 265 892 313 saltu
929 280 1077 327 super
1111 264 1267 313 ardua
1301 261 1437 314 venit
1732 289 1735 291 ·
1819 283 1899 326 515

220 347 460 410 Pergama
496 355 544 395 et
579 354 824 394 armatum
861 343 1082 408 peditem
1117 345 1276 409 gravis
1311 344 1475 394 attulit
1509 345 1637 407 alvo,

218 426 302 476 illa
339 429 548 477 chorum
587 426 825 476 simulans
862 425 1090 475 euhantis
1128 426 1264 491 orgia
1300 426 1485 475 circum

220 508 437 558 ducebat
476 507 746 571 Phrygias,
782 509 1035 557 flammam
1073 506 1239 557 media
1275 506 1382 571 ipsa
1419 506 1622 557 tenebat

219 589 471 654 ingentem
510 598 560 639 et
596 606 792 638 summa
830 592 1033 638 Danaos
1071 605 1131 638 ex
1165 605 1277 637 arce
1314 588 1538 637 vocabat.

220 680 327 720 tum
365 688 446 720 me
483 673 770 720 confectum
806 670 934 720 curis
972 686 1253 734 somnoque
1288 678 1543 734 gravatum
1818 690 1901 732 520

218 751 387 801 infelix
423 751 597 802 habuit
634 754 894 813 thalamus,
934 751 1210 815 pressitque
1247 751 1494 800 iacentem

220 832 378 883 dulcis
417 842 465 882 et
501 835 599 882 alta
636 832 778 897 quies
814 832 1141 897 placidaeque
1178 831 1428 881 simillima
1463 829 1622 881 morti.

218 914 411 979 egregia
447 914 636 964 interea
671 914 890 964 coniunx
925 931 1062 963 arma
1098 913 1268 963 omnia
1304 912 1446 962 tectis

216 1006 416 1046 amovet
452 1006 501 1046 et
536 998 694 1046 fidum
731 995 881 1060 capiti
916 996 1218 1045 subduxerat
1254 1012 1426 1044 ensem
1442 1014 1456 1057 3

217 1070 344 1127 intra
380 1087 510 1127 tecta
544 1087 690 1127 vocat
729 1079 1019 1127 Menelaum
1057 1086 1105 1126 et
1141 1076 1312 1125 limina
1347 1076 1535 1140 pandit,
1815 1095 1895 1137 525

218 1158 406 1208 scilicet
442 1158 494 1209 id
532 1176 769 1223 magnum
806 1175 1008 1223 sperans
1046 1160 1150 1208 fore
1187 1175 1368 1207 munus
1404 1157 1606 1219 amanti,

218 1249 266 1290 et
303 1242 486 1289 famam
524 1239 767 1304 exstingui
802 1249 1025 1289 veterum
1062 1239 1132 1289 sic
1169 1257 1315 1304 posse
1351 1241 1611 1289 malorum.

219 1320 341 1384 quid
379 1324 580 1371 moror?
616 1321 908 1386 inrumpunt
944 1323 1179 1382 thalamO,
1219 1337 1389 1370 comes
1425 1320 1625 1370 additus
1661 1338 1763 1371 una

218 1404 439 1452 hortator
475 1405 717 1452 scelerum
754 1402 1003 1452 A‘eolides.
1079 1402 1144 1463 di,
1183 1401 1300 1451 talia
1335 1402 1478 1451 Grais

217 1483 500 1544 instaurate,
539 1484 623 1547 pio
660 1483 701 1532 si
736 1500 924 1547 poenas
961 1501 1045 1532 ore
1081 1500 1302 1547 reposco.
1817 1504 1898 1544 530

218 1567 308 1615 sed
345 1574 393 1614 te
430 1564 515 1629 qui
550 1565 718 1613 vivum
755 1581 912 1624 casus,
951 1581 1042 1628 age
1078 1566 1179 1613 fare
1215 1563 1445 1624 vicissim,

217 1646 481 1695 attulerint.
555 1646 783 1710 pelagine
819 1645 957 1695 venis
995 1645 1239 1695 erroribus
1280 1655 1420 1695 actus

218 1745 282 1776 an
320 1728 514 1777 monitu
551 1727 760 1777 divum?
808 1745 873 1776 an
910 1745 1038 1791 quae
1075 1736 1124 1777 te
1160 1729 1357 1776 fortuna
1391 1727 1576 1792 fatigat,

218 1819 272 1858 ut
309 1809 456 1859 tristis
494 1809 600 1858 sine
637 1811 741 1858 sole
778 1811 973 1869 domos,
1013 1810 1124 1858 loca
1159 1808 1371 1869 turbida,
1410 1809 1636 1858 adires?’

288 1893 402 1939 Hac
439 1890 546 1939 vice
583 1907 869 1939 sermonum
906 1890 1058 1939 roseis
1095 1893 1288 1939 Aurora
1323 1890 1572 1955 quadrigis
1815 1909 1894 1951 535

218 1972 316 2021 iam
354 1972 576 2022 medium
613 1971 832 2022 aetherio
870 1989 1015 2020 cursu
1052 1971 1307 2020 traiecerat
1342 1989 1485 2020 axem
1503 1990 1516 2032 ;

219 2063 266 2104 et
303 2056 401 2104 fors
438 2071 588 2103 omne
625 2056 799 2103 datum
836 2055 1085 2107 traherent
1121 2070 1208 2117 per
1243 2052 1359 2102 talia
1394 2062 1604 2117 tempus,

219 2138 308 2185 sed
346 2154 514 2186 comes
551 2135 814 2186 admonuit
851 2135 1162 2199 breviterque
1197 2137 1365 2184 adfata
1401 2135 1586 2198 Sibylla
1621 2144 1725 2186 est:

221 2222 351 2267 ‘nox
387 2217 494 2278 ruit,
534 2221 740 2278 Aenea3
786 2234 878 2266 nos
915 2219 1084 2266 fiendo
1122 2216 1350 2265 ducimus
1387 2219 1547 2266 horas.

218 2298 300 2347 hic
336 2301 475 2348 locus
513 2308 587 2348 est
622 2298 773 2362 partis
811 2298 899 2347 ubi
935 2315 987 2347 se
1023 2297 1102 2347 via
1138 2297 1282 2347 findit
1318 2297 1369 2346 in
1405 2299 1613 2348 ambas:
1816 2318 1897 2360 540

217 2384 418 2431 dextera
454 2399 582 2445 quae
620 2381 750 2430 Ditis
788 2381 955 2445 magni
992 2382 1086 2430 sub
1122 2380 1321 2430 moenia
1351 2380 1530 2441 tendit,

217 2466 311 2512 hac
348 2463 438 2512 iter
475 2463 699 2527 Elysium
736 2463 882 2513 nobis
900 2482 914 2524 3
959 2472 1010 2512 at
1045 2465 1183 2512 laeva
1219 2464 1464 2512 malorum

217 2554 411 2594 exercet
448 2562 636 2608 poenas
674 2553 723 2593 et
758 2546 824 2593 ad
860 2543 1014 2607 impia
1050 2546 1257 2592 Tartara
1292 2543 1473 2593 mittit.'

220 2626 517 2689 Deiphobus
556 2635 756 2675 contra:
810 2629 905 2674 ‘ne
941 2625 1087 2685 saevi,
1127 2643 1307 2689 magna
1343 2627 1609 2686 sacerdos;

217 2707 488 2767 discedam,
530 2707 742 2770 explebo
778 2723 1043 2755 numerum
1078 2708 1357 2770 reddarque
1394 2707 1626 2758 tenebris.
1813 2727 1892 2768 545

274 2850 463 2888 515—545
485 2837 653 2876 FMPR
893 2839 975 2887 516
1004 2837 1125 2876 alveo
1146 2837 1239 2876 MR
1420 2850 1503 2888 520
1533 2838 1665 2889 curis]
1687 2838 1798 2877 coris
1818 2837 1858 2877 α’
1882 2852 1892 2877 z

219 2893 389 2932 choreis
411 2892 628 2944 Schrader,
647 2892 798 2942 probat
817 2891 989 2931 Ribbeck
1100 2904 1180 2942 524
1212 2899 1379 2932 emovet
1400 2893 1442 2933 F
1443 2893 1652 2943 ¹R7cmrr:
1683 2898 1727 2931 et
1747 2898 1895 2932 movet

217 2946 274 2985 Pl
453 2949 534 2997 528
565 2947 774 2986 thalamos
804 2947 847 2985 R
957 2947 1127 2988 additur
1161 2946 1311 2998 FM7²c
1488 2958 1569 2997 532
1599 2947 1789 2988 attulerit
1824 2946 1879 2986 M
1882 2947 1902 2974 ²-

218 3013 299 3053 533
331 3015 385 3042 an
406 3001 536 3053 quae]
559 3014 612 3040 an
633 3001 732 3040 delet
750 3001 930 3053 Madvtg·
1725 3018 1741 3042 J
1799 3016 1802 3019 ·
