2020 3372
206 141 259 187 P.
300 140 600 188 VERGILI
640 140 966 189 MARONIS

204 291 355 345 atque
392 284 552 332 levem
590 281 823 345 stipulam
860 280 1215 346 crepitantibus
1252 297 1392 331 urere
1428 280 1671 331 flammis:

205 363 307 413 sive
343 363 463 413 inde
500 366 721 412 occultas
757 362 870 412 viris
907 373 956 412 et
992 363 1176 427 pabula
1211 372 1367 412 terrae

204 446 408 510 pinguia
443 446 748 509 concipiunt,
788 445 890 495 sive
925 445 1019 494 illis
1057 463 1207 495 omne
1243 463 1331 509 per
1366 445 1533 509 ignem

205 528 497 591 excoquitur
532 528 707 577 vitium
743 538 894 592 atque
931 529 1138 577 exsudat
1173 528 1359 576 inutilis
1396 545 1553 588 umor,

205 626 291 658 seu
328 609 480 673 pluris
519 611 652 658 calor
688 609 770 658 ille
805 609 908 658 vias
946 619 995 658 et
1031 626 1180 659 caeca
1215 612 1399 658 relaxat

204 690 517 753 spiramenta,
557 707 712 740 novas
748 690 914 740 veniat
949 707 1049 754 qua
1085 707 1233 739 sucus
1269 690 1321 738 in
1358 690 1549 750 herbas,

204 788 291 821 seu
328 774 473 821 durat
509 771 664 835 magis
702 781 750 821 et
786 788 937 821 venas
973 771 1196 836 astringit
1233 771 1426 832 hiantis,

203 871 267 903 ne
303 863 478 903 tenues
515 853 712 918 pluviae
748 853 971 918 rapidive
1006 853 1231 917 potentia
1267 853 1383 903 solis

202 931 359 981 acrior
394 942 480 981 aut
518 935 708 981 Boreae
745 931 1052 995 penetrabile
1087 932 1237 996 frigus
1274 933 1462 981 adurat.

202 1016 416 1063 multum
452 1016 596 1074 adeo,
636 1014 799 1064 rastris
836 1014 1036 1078 glaebas
1074 1013 1160 1078 qui
1196 1013 1372 1077 frangit
1409 1013 1577 1063 inertis

201 1095 542 1160 vimineasque
578 1095 726 1145 trahit
763 1095 921 1156 cratis,
960 1095 1095 1145 iuvat
1129 1113 1255 1156 arva,
1297 1112 1461 1159 neque
1496 1095 1636 1144 illum

201 1178 328 1226 flava
365 1179 516 1228 Ceres
552 1180 654 1227 alto
691 1177 997 1241 nequiquam
1035 1187 1226 1240 spectat
1264 1178 1482 1241 Olympo
1491 1196 1505 1238 5

202 1267 252 1307 et
288 1258 387 1322 qui,
427 1258 675 1322 proscisso
712 1275 840 1322 quae
877 1257 1080 1308 suscitat
1116 1275 1332 1322 aequore
1368 1267 1514 1323 terga,

201 1357 365 1388 rursus
402 1339 453 1388 in
490 1340 752 1403 obliquum
788 1357 930 1389 verso
966 1339 1238 1403 perrumpit
1274 1348 1433 1388 aratro

201 1431 495 1485 exercetque
531 1424 763 1485 frequens
800 1423 1027 1471 tellurem
1064 1430 1215 1485 atque
1251 1420 1459 1484 imperat
1495 1420 1635 1470 arvis.

200 1503 373 1553 umida
408 1503 617 1553 solstitia
652 1513 803 1568 atque
839 1504 1029 1553 hiemes
1067 1513 1203 1553 orate
1239 1521 1451 1564 serenas,

199 1585 444 1648 agricolae
454 1604 467 1647 3
503 1585 715 1635 hiberno
752 1585 1020 1635 laetissima
1056 1587 1257 1650 pulvere
1293 1587 1432 1645 farra,

200 1668 357 1716 laetus
394 1685 527 1732 ager:
568 1670 706 1717 nullo
744 1677 938 1717 tantum
976 1685 1028 1716 se
1068 1667 1231 1730 Mysia
1267 1669 1405 1717 cultu

199 1748 348 1798 iactat
384 1760 432 1799 et
468 1749 576 1813 ipsa
613 1767 725 1799 suas
764 1750 1002 1798 mirantur
1039 1751 1255 1813 Gargara
1294 1748 1479 1798 messis.

201 1831 323 1895 quid
361 1831 525 1880 dicam
563 1832 694 1881 iacto
731 1831 817 1895 qui
854 1831 1044 1881 semine
1083 1830 1364 1880 comminus
1401 1847 1516 1879 arva

200 1911 475 1976 insequitur
512 1915 841 1977 cumulosque
877 1913 973 1962 ruit
1010 1914 1138 1962 male
1175 1912 1370 1977 pinguis
1407 1914 1636 1972 harenae,

200 1993 385 2043 deinde
422 1994 538 2043 satis
575 1995 781 2044 fluvium
818 1995 1010 2044 inducit
1046 1995 1276 2058 rivosque
1313 1993 1579 2057 sequentis,

200 2085 262 2135 et,
302 2093 417 2125 cum
455 2086 655 2126 exustus
692 2094 806 2141 ager
843 2076 1168 2126 morientibus
1205 2085 1396 2125 aestuat
1431 2075 1612 2135 herbis,

199 2174 316 2206 ecce
354 2158 616 2221 supercilio
654 2157 825 2207 clivosi
861 2158 1067 2207 tramitis
1105 2159 1293 2207 undam

199 2238 368 2287 elicit?
416 2240 498 2288 illa
534 2241 718 2288 cadens
756 2256 960 2288 raucum
996 2256 1083 2302 per
1118 2238 1244 2288 levia
1281 2256 1503 2287 murmur

200 2337 314 2369 saxa
350 2320 459 2381 ciet,
500 2321 836 2384 scatebrisque
871 2321 1059 2370 arentia
1094 2330 1336 2384 temperat
1372 2337 1497 2369 arva.

198 2401 321 2464 quid
357 2402 456 2465 qui,
496 2420 560 2451 ne
595 2402 806 2466 gravidis
843 2403 1139 2466 procumbat
1177 2404 1370 2451 culmus
1406 2401 1578 2461 aristis,

198 2482 439 2531 luxuriem
478 2493 700 2547 segetum
737 2493 906 2533 tenera
941 2483 1165 2547 depascit
1201 2483 1252 2531 in
1289 2483 1456 2542 herba,

199 2582 314 2613 cum
350 2565 566 2629 primum
603 2568 766 2615 sulcos
803 2575 1019 2629 aequant
1056 2575 1174 2625 sata,
1214 2565 1400 2628 quique
1436 2564 1630 2628 paludis

199 2648 465 2696 collectum
502 2664 729 2696 umorem
768 2646 938 2696 bibula
975 2646 1180 2697 deducit
1216 2648 1438 2695 harena?

1807 677 1887 752 ⁴90

1831 1114 1884 1157 95

1804 1522 1885 1552 100

1803 1931 1879 1973 105

1802 2341 1882 2371 110

254 2780 417 2827 85—114
448 2778 489 2815 A
496 2778 627 2817 MPR
872 2791 1061 2827 100-103
1091 2777 1277 2817 secundis
1297 2779 1402 2816 curis
1422 2778 1478 2816 ita
1498 2776 1699 2817 addidisse
1710 2781 1880 2828 poetam

200 2837 247 2871 ut
266 2832 326 2871 ad
347 2833 493 2883 reliqui
508 2833 705 2872 carminis
724 2837 956 2872 contextum
970 2839 1132 2883 parum
1154 2832 1520 2871 accommodaverit
1537 2831 1695 2871 coniecit
1707 2831 1880 2870 Ribbeck

203 2899 279 2925 102
302 2887 442 2937 Mysia
461 2888 617 2927 MPlR
638 2888 931 2938 Philargyrius
947 2886 1181 2926 Macrobius
1199 2886 1363 2926 Probus
1379 2902 1389 2926 :
1426 2887 1590 2927 Moesia
1609 2884 1739 2925 AP²c
1754 2885 1875 2925 schol.

197 2940 321 2981 Bern.
356 2947 581 2993 utrumque
608 2943 793 2995 agnoscit
817 2942 933 2982 Serv.
1136 2954 1213 2991 103
1244 2942 1372 2981 iactet
1401 2945 1438 2980 et
1464 2942 1672 2980 mirentur
1690 2940 1852 2982 Probus
1868 2954 1884 2994 :J

200 2996 408 3035 mirentur
428 2997 600 3036 Ribbeck
771 2998 849 3036 106
879 2996 1121 3048 sequentis]
1144 2998 1327 3037 fluentes
1348 2995 1415 3037 R:
1456 2995 1639 3036 recentis
1658 2992 1881 3046 Nettlesth

204 3063 279 3099 114
310 3051 471 3091 diducit
501 3052 543 3091 A
563 3052 731 3091 Bossler
