2014 3372
1364 146 1728 195 AENEIDOS
1764 147 1840 193 VI

170 301 433 348 congerere
468 284 725 334 arboribus
761 287 1002 348 caeloque
1038 287 1250 335 educere
1285 282 1486 335 certant.

167 365 263 414 itur
297 366 349 414 in
384 366 640 429 antiquam
677 366 864 426 silvam,
904 367 1097 415 stabula
1132 369 1231 414 alta
1266 369 1489 426 ferarum,

166 448 502 510 procumbunt
536 446 721 510 piceae,
761 456 905 496 sonat
941 447 1039 496 icta
1075 447 1329 496 securibus
1365 447 1461 496 ilex
1765 458 1841 496 180

166 528 512 591 fraxineaeque
547 528 710 577 trabes
747 527 918 577 cuneis
955 537 1005 577 et
1040 528 1190 576 fissile
1225 529 1375 577 robur

167 609 417 670 scinditur,
457 611 729 659 advolvunt
762 610 975 673 ingentis
1012 610 1267 659 montibus
1303 608 1465 659 ornos.

235 693 344 740 Nec
379 708 482 741 non
518 695 715 740 Aeneas
752 709 902 754 opera
936 691 1063 740 inter
1099 691 1215 740 talia
1250 692 1436 755 primus

165 771 387 817 hortatur
423 769 585 818 socios
621 769 923 832 paribusque
958 769 1231 833 accingitur
1264 770 1424 818 armis.

165 859 314 913 atque
349 852 473 898 haec
508 850 613 912 ipse
650 867 741 899 suo
777 850 901 898 tristi
937 868 1053 899 cum
1090 853 1241 900 corde
1276 853 1464 900 volutat
1764 861 1839 911 185

165 940 425 994 aspectans
462 931 635 980 silvam
671 931 982 992 immensam,
1021 942 1070 981 et
1106 932 1175 981 sic
1211 935 1337 981 forte
1372 941 1629 995 precatur:

169 1012 236 1060 ‘si
271 1029 405 1061 nunc
441 1030 493 1062 se
529 1012 675 1062 nobis
710 1012 792 1062 ille
831 1030 1007 1062 aureus
1042 1014 1217 1063 arbore
1253 1031 1418 1062 ramus

165 1095 395 1143 ostendat
430 1111 635 1144 nemore
672 1095 723 1143 in
759 1099 931 1144 tanto!
979 1097 1183 1159 quando
1220 1095 1390 1145 omnia
1424 1112 1537 1144 vere

164 1175 262 1222 heu
298 1174 507 1223 nimium
544 1177 608 1224 de
644 1185 694 1225 te
728 1185 879 1236 vates,
922 1176 1133 1236 Misene,
1171 1178 1339 1226 locuta
1375 1179 1479 1225 est.'

163 1254 242 1302 vix
280 1272 338 1303 ea
373 1257 500 1304 fatus
538 1266 641 1305 erat
676 1257 903 1320 geminae
938 1274 1054 1306 cum
1091 1259 1216 1306 forte
1255 1257 1518 1306 columbae
1766 1277 1844 1317 190

163 1334 270 1397 ipsa
305 1336 398 1384 sub
436 1353 521 1385 ora
555 1337 643 1384 viri
681 1340 818 1386 caelo
854 1355 1033 1386 venere
1068 1339 1307 1398 volantes,

164 1424 212 1463 et
247 1415 389 1464 viridi
427 1418 598 1465 sedere
635 1419 755 1466 solo.
830 1427 936 1466 tum
973 1418 1216 1467 maximus
1253 1420 1398 1467 heros

163 1505 408 1545 maternas
443 1498 666 1561 agnoscit
700 1498 803 1547 avis
840 1501 1099 1562 laetusque
1134 1509 1389 1562 precatur:

167 1580 296 1625 ‘este
333 1579 500 1638 duces,
540 1595 585 1638 o,
625 1578 665 1627 si
702 1595 801 1642 qua
834 1579 914 1627 via
949 1589 1036 1639 est,
1077 1597 1377 1643 cursumque
1413 1597 1502 1643 per
1536 1596 1680 1629 auras

164 1658 367 1721 derigite
403 1659 454 1706 in
490 1661 630 1708 lucos
668 1660 756 1708 ubi
790 1660 1028 1724 pinguem
1064 1661 1202 1710 dives
1239 1671 1417 1724 opacat
1764 1683 1838 1723 195

163 1757 326 1788 ramus
362 1742 585 1790 humum.
659 1751 828 1805 tuque,
867 1759 911 1802 o,
953 1742 1117 1792 dubiis
1154 1761 1217 1792 ne
1255 1745 1414 1792 defice
1450 1744 1611 1803 rebus,

163 1821 276 1870 diva
312 1826 520 1885 parens.'
591 1823 661 1872 sic
697 1825 871 1873 effatus
906 1825 1111 1888 vestigia
1146 1825 1320 1888 pressit

164 1904 429 1952 observans
468 1921 595 1967 quae
632 1904 772 1968 signa
806 1907 978 1965 ferant,
1018 1922 1118 1968 quo
1155 1908 1359 1955 tendere
1395 1914 1614 1970 pergant.

161 1994 421 2047 pascentes
458 1985 569 2034 illae
606 1994 798 2034 tantum
835 1986 1031 2048 prodire
1066 1988 1284 2035 volando

163 2075 404 2127 quantum
440 2065 546 2114 acie
582 2075 787 2129 possent
823 2066 955 2114 oculi
992 2083 1182 2115 servare
1218 2077 1528 2130 sequentum.
1761 2089 1839 2117 200

163 2146 281 2195 inde
318 2146 404 2195 ubi
440 2164 618 2196 venere
654 2149 719 2196 ad
755 2149 922 2196 fauces
958 2164 1102 2211 grave
1139 2148 1316 2197 olentis
1353 2149 1551 2208 Averni,

163 2230 342 2276 tollunt
380 2245 433 2277 se
470 2231 651 2278 celeres
689 2229 1035 2293 liquidumque
1071 2247 1159 2293 per
1194 2234 1307 2279 a'era
1344 2232 1510 2293 lapsae

164 2308 364 2358 sedibus
401 2310 581 2373 optatis
617 2310 844 2373 geminae
881 2328 1029 2374 super
1063 2312 1238 2360 arbore
1275 2311 1456 2371 sidunt,

163 2390 379 2440 discolor
413 2394 548 2441 unde
583 2392 688 2440 auri
723 2409 811 2455 per
846 2410 1009 2443 ramos
1045 2411 1163 2442 aura
1198 2393 1397 2442 refulsit.

164 2475 309 2535 quale
346 2475 471 2522 solet
508 2473 640 2522 silvis
677 2475 887 2524 brumali
923 2475 1100 2538 frigore
1135 2475 1325 2523 viscum
1760 2496 1833 2536 205

163 2554 339 2602 fronde
376 2554 529 2604 virere
566 2571 707 2615 nova,
748 2558 886 2619 quod
922 2572 1024 2605 non
1062 2573 1151 2605 sua
1187 2555 1397 2605 seminat
1431 2556 1591 2615 arb05‚

165 2642 213 2680 et
250 2650 426 2683 croceo
462 2637 564 2684 fetu
601 2636 764 2685 teretis
802 2636 1107 2686 circumdare
1143 2646 1357 2696 truncos,

165 2713 273 2761 talis
311 2723 412 2762 erat
447 2715 636 2777 species
673 2716 778 2765 auri
813 2717 1088 2766 frondentis
1125 2734 1282 2780 opaca

224 2844 411 2892 178-208
426 2843 558 2883 MPR
746 2847 825 2884 186
844 2846 973 2897 forte]
994 2859 1100 2885 voce
1122 2847 1164 2884 R
1289 2858 1365 2895 193
1395 2845 1568 2896 agnovit
1587 2844 1641 2882 M
1760 2857 1835 2895 195

168 2896 335 2945 dirigite
356 2897 524 2947 M7²bcrr
758 2913 839 2939 200
867 2901 981 2939 acies
1002 2899 1069 2937 M²
1220 2906 1454 2950 sequentur
1472 2899 1528 2938 P¹
1546 2913 1554 2937 :
1587 2904 1836 2949 sequentem

167 2949 405 2990 Paldamus
568 2965 648 3003 203
678 2955 875 3003 geminae
896 2954 939 2993 R
952 2954 1103 3004 probat
1119 2953 1286 3004 Hemy:
1319 2955 1490 3003 gemina
1510 2954 1622 2992 ceteri
