<?xml version="1.0" encoding="UTF-8"?>
<!DOCTYPE html PUBLIC "-//W3C//DTD XHTML 1.0 Transitional//EN"
    "http://www.w3.org/TR/xhtml1/DTD/xhtml1-transitional.dtd">
<html xmlns="http://www.w3.org/1999/xhtml" xml:lang="en" lang="en">
 <head>
  <title>
</title>
<meta http-equiv="Content-Type" content="text/html;charset=utf-8" />
  <meta name='ocr-system' content='tesseract 3.04.00' />
  <meta name='ocr-capabilities' content='ocr_page ocr_carea ocr_par ocr_line ocrx_word'/>
</head>
<body>
  <div class='ocr_page' id='page_1' title='image "./operarecognovitb00virguoft_0095.png"; bbox 0 0 2046 3380; ppageno 0'>
   <div class='ocr_carea' id='block_1_1' title="bbox 1260 169 1825 219">
    <p class='ocr_par' dir='ltr' id='par_1_1' title="bbox 1260 169 1825 219">
     <span class='ocr_line' id='line_1_1' title="bbox 1260 169 1825 219; baseline -0.002 -1"><span class='ocrx_word' id='word_1_1' title='bbox 1260 169 1683 219; x_wconf 90' lang='lat' dir='ltr'>GEORGICON</span> <span class='ocrx_word' id='word_1_2' title='bbox 1721 170 1825 218; x_wconf 90' lang='lat'>111·</span> 
     </span>
    </p>
   </div>
   <div class='ocr_carea' id='block_1_2' title="bbox 134 309 1814 2725">
    <p class='ocr_par' dir='ltr' id='par_1_2' title="bbox 137 309 1251 363">
     <span class='ocr_line' id='line_1_2' title="bbox 137 309 1251 363; baseline -0.004 -1"><span class='ocrx_word' id='word_1_3' title='bbox 137 311 404 363; x_wconf 84' lang='lat' dir='ltr'><strong>Castaliam</strong></span> <span class='ocrx_word' id='word_1_4' title='bbox 441 310 579 361; x_wconf 89' lang='lat' dir='ltr'><strong>molli</strong></span> <span class='ocrx_word' id='word_1_5' title='bbox 613 310 880 360; x_wconf 85' lang='lat' dir='ltr'><strong>devertitur</strong></span> <span class='ocrx_word' id='word_1_6' title='bbox 915 311 1075 360; x_wconf 90' lang='lat' dir='ltr'><strong>orbita</strong></span> <span class='ocrx_word' id='word_1_7' title='bbox 1110 309 1251 360; x_wconf 90' lang='lat' dir='ltr'><strong>clivo.</strong></span> 
     </span>
    </p>

    <p class='ocr_par' dir='ltr' id='par_1_3' title="bbox 136 391 1808 536">
     <span class='ocr_line' id='line_1_3' title="bbox 136 391 1636 455; baseline -0.001 -14"><span class='ocrx_word' id='word_1_8' title='bbox 136 410 283 452; x_wconf 90' lang='lat' dir='ltr'><strong>nunc,</strong></span> <span class='ocrx_word' id='word_1_9' title='bbox 322 393 603 441; x_wconf 89' lang='lat' dir='ltr'><strong>veneranda</strong></span> <span class='ocrx_word' id='word_1_10' title='bbox 640 394 796 451; x_wconf 89' lang='lat' dir='ltr'><strong>Pales,</strong></span> <span class='ocrx_word' id='word_1_11' title='bbox 835 408 1016 455; x_wconf 90' lang='lat' dir='ltr'><strong>magno</strong></span> <span class='ocrx_word' id='word_1_12' title='bbox 1052 408 1186 440; x_wconf 89' lang='lat' dir='ltr'><strong>nunc</strong></span> <span class='ocrx_word' id='word_1_13' title='bbox 1222 408 1306 440; x_wconf 92' lang='lat' dir='ltr'><strong>ore</strong></span> <span class='ocrx_word' id='word_1_14' title='bbox 1342 391 1636 440; x_wconf 91' lang='lat' dir='ltr'><strong>sonandum.</strong></span> 
     </span>
     <span class='ocr_line' id='line_1_4' title="bbox 205 472 1808 536; baseline -0.001 -14"><span class='ocrx_word' id='word_1_15' title='bbox 205 473 455 536; x_wconf 88' lang='lat' dir='ltr'>Incipiens</span> <span class='ocrx_word' id='word_1_16' title='bbox 493 472 696 522; x_wconf 90' lang='lat' dir='ltr'><strong>stabulis</strong></span> <span class='ocrx_word' id='word_1_17' title='bbox 734 472 878 522; x_wconf 92' lang='lat' dir='ltr'><strong>edico</strong></span> <span class='ocrx_word' id='word_1_18' title='bbox 914 472 965 520; x_wconf 93' lang='lat' dir='ltr'><strong>in</strong></span> <span class='ocrx_word' id='word_1_19' title='bbox 1002 472 1235 521; x_wconf 91' lang='lat' dir='ltr'><strong>mollibus</strong></span> <span class='ocrx_word' id='word_1_20' title='bbox 1270 473 1476 521; x_wconf 88' lang='lat' dir='ltr'><strong>herbam</strong></span> <span class='ocrx_word' id='word_1_21' title='bbox 1731 492 1808 533; x_wconf 87' lang='lat'><strong>²95</strong></span> 
     </span>
    </p>

    <p class='ocr_par' dir='ltr' id='par_1_4' title="bbox 134 552 1565 618">
     <span class='ocr_line' id='line_1_5' title="bbox 134 552 1565 618; baseline -0.001 -15"><span class='ocrx_word' id='word_1_22' title='bbox 134 571 336 618; x_wconf 86' lang='lat' dir='ltr'><strong>carpere</strong></span> <span class='ocrx_word' id='word_1_23' title='bbox 370 553 487 614; x_wconf 90' lang='lat' dir='ltr'><strong>ovis,</strong></span> <span class='ocrx_word' id='word_1_24' title='bbox 528 555 649 602; x_wconf 94' lang='lat' dir='ltr'><strong>dum</strong></span> <span class='ocrx_word' id='word_1_25' title='bbox 686 570 802 602; x_wconf 86' lang='lat' dir='ltr'><strong>mox</strong></span> <span class='ocrx_word' id='word_1_26' title='bbox 837 554 1073 602; x_wconf 91' lang='lat' dir='ltr'><strong>frondosa</strong></span> <span class='ocrx_word' id='word_1_27' title='bbox 1108 552 1357 602; x_wconf 89' lang='lat' dir='ltr'><strong>reducitur</strong></span> <span class='ocrx_word' id='word_1_28' title='bbox 1391 562 1565 613; x_wconf 89' lang='lat' dir='ltr'><strong>aestas,</strong></span> 
     </span>
    </p>

    <p class='ocr_par' dir='ltr' id='par_1_5' title="bbox 134 633 1390 698">
     <span class='ocr_line' id='line_1_6' title="bbox 134 633 1390 698; baseline 0 -15"><span class='ocrx_word' id='word_1_29' title='bbox 134 644 185 684; x_wconf 92' lang='lat' dir='ltr'><strong>et</strong></span> <span class='ocrx_word' id='word_1_30' title='bbox 220 636 375 683; x_wconf 88' lang='lat' dir='ltr'><strong>multa</strong></span> <span class='ocrx_word' id='word_1_31' title='bbox 411 636 585 683; x_wconf 90' lang='lat' dir='ltr'><strong>duram</strong></span> <span class='ocrx_word' id='word_1_32' title='bbox 622 633 802 698; x_wconf 89' lang='lat' dir='ltr'><strong>stipula</strong></span> <span class='ocrx_word' id='word_1_33' title='bbox 837 633 1124 697; x_wconf 90' lang='lat' dir='ltr'><strong>filicumque</strong></span> <span class='ocrx_word' id='word_1_34' title='bbox 1161 633 1390 697; x_wconf 90' lang='lat' dir='ltr'><strong>maniplis</strong></span> 
     </span>
    </p>

    <p class='ocr_par' dir='ltr' id='par_1_6' title="bbox 135 714 1538 779">
     <span class='ocr_line' id='line_1_7' title="bbox 135 714 1538 779; baseline -0.001 -15"><span class='ocrx_word' id='word_1_35' title='bbox 135 725 351 764; x_wconf 90' lang='lat' dir='ltr'><strong>sternere</strong></span> <span class='ocrx_word' id='word_1_36' title='bbox 387 716 554 764; x_wconf 86' lang='lat' dir='ltr'><strong>subter</strong></span> <span class='ocrx_word' id='word_1_37' title='bbox 589 717 811 775; x_wconf 88' lang='lat' dir='ltr'><strong>humum,</strong></span> <span class='ocrx_word' id='word_1_38' title='bbox 851 715 1030 779; x_wconf 88' lang='lat' dir='ltr'><strong>glacies</strong></span> <span class='ocrx_word' id='word_1_39' title='bbox 1066 732 1130 764; x_wconf 91' lang='lat' dir='ltr'><strong>ne</strong></span> <span class='ocrx_word' id='word_1_40' title='bbox 1166 714 1340 779; x_wconf 90' lang='lat' dir='ltr'><strong>frigida</strong></span> <span class='ocrx_word' id='word_1_41' title='bbox 1374 717 1538 764; x_wconf 89' lang='lat' dir='ltr'><strong>laedat</strong></span> 
     </span>
    </p>

    <p class='ocr_par' dir='ltr' id='par_1_7' title="bbox 136 795 1567 861">
     <span class='ocr_line' id='line_1_8' title="bbox 136 795 1567 861; baseline 0.001 -16"><span class='ocrx_word' id='word_1_42' title='bbox 136 799 285 846; x_wconf 92' lang='lat' dir='ltr'><strong>molle</strong></span> <span class='ocrx_word' id='word_1_43' title='bbox 321 813 472 860; x_wconf 90' lang='lat' dir='ltr'><strong>pecus</strong></span> <span class='ocrx_word' id='word_1_44' title='bbox 509 796 828 860; x_wconf 86' lang='lat' dir='ltr'><strong>scabiemque</strong></span> <span class='ocrx_word' id='word_1_45' title='bbox 863 799 985 845; x_wconf 91' lang='lat' dir='ltr'><strong>ferat</strong></span> <span class='ocrx_word' id='word_1_46' title='bbox 1020 795 1276 860; x_wconf 92' lang='lat' dir='ltr'><strong>turpisque</strong></span> <span class='ocrx_word' id='word_1_47' title='bbox 1311 798 1567 861; x_wconf 75' lang='lat' dir='ltr'><strong>podagras,</strong></span> 
     </span>
    </p>

    <p class='ocr_par' dir='ltr' id='par_1_8' title="bbox 134 876 1811 942">
     <span class='ocr_line' id='line_1_9' title="bbox 134 876 1811 942; baseline -0.002 -14"><span class='ocrx_word' id='word_1_48' title='bbox 134 887 247 942; x_wconf 89' lang='lat' dir='ltr'><strong>post</strong></span> <span class='ocrx_word' id='word_1_49' title='bbox 283 877 399 926; x_wconf 94' lang='lat' dir='ltr'><strong>hinc</strong></span> <span class='ocrx_word' id='word_1_50' title='bbox 436 877 681 941; x_wconf 90' lang='lat' dir='ltr'><strong>digressus</strong></span> <span class='ocrx_word' id='word_1_51' title='bbox 717 877 867 927; x_wconf 93' lang='lat' dir='ltr'><strong>iubeo</strong></span> <span class='ocrx_word' id='word_1_52' title='bbox 902 876 1183 926; x_wconf 87' lang='lat' dir='ltr'><strong>frondentia</strong></span> <span class='ocrx_word' id='word_1_53' title='bbox 1218 877 1376 941; x_wconf 93' lang='lat' dir='ltr'><strong>capris</strong></span> <span class='ocrx_word' id='word_1_54' title='bbox 1732 897 1811 936; x_wconf 80' lang='lat'><strong>300</strong></span> 
     </span>
    </p>

    <p class='ocr_par' dir='ltr' id='par_1_9' title="bbox 135 955 1392 1022">
     <span class='ocr_line' id='line_1_10' title="bbox 135 955 1392 1022; baseline 0 -15"><span class='ocrx_word' id='word_1_55' title='bbox 135 955 308 1008; x_wconf 86' lang='lat' dir='ltr'><strong>arbuta</strong></span> <span class='ocrx_word' id='word_1_56' title='bbox 345 960 565 1008; x_wconf 89' lang='lat' dir='ltr'><strong>sufficere</strong></span> <span class='ocrx_word' id='word_1_57' title='bbox 602 968 650 1008; x_wconf 91' lang='lat' dir='ltr'><strong>et</strong></span> <span class='ocrx_word' id='word_1_58' title='bbox 686 958 861 1008; x_wconf 86' lang='lat' dir='ltr'><strong>fluvios</strong></span> <span class='ocrx_word' id='word_1_59' title='bbox 897 959 1133 1022; x_wconf 90' lang='lat' dir='ltr'><strong>praebere</strong></span> <span class='ocrx_word' id='word_1_60' title='bbox 1169 958 1392 1018; x_wconf 90' lang='lat' dir='ltr'><strong>recentis,</strong></span> 
     </span>
    </p>

    <p class='ocr_par' dir='ltr' id='par_1_10' title="bbox 135 1039 1335 1104">
     <span class='ocr_line' id='line_1_11' title="bbox 135 1039 1335 1104; baseline -0.002 -14"><span class='ocrx_word' id='word_1_61' title='bbox 135 1051 185 1090; x_wconf 93' lang='lat' dir='ltr'><strong>et</strong></span> <span class='ocrx_word' id='word_1_62' title='bbox 219 1042 413 1090; x_wconf 89' lang='lat' dir='ltr'><strong>stabula</strong></span> <span class='ocrx_word' id='word_1_63' title='bbox 447 1058 476 1089; x_wconf 91' lang='lat' dir='ltr'><strong>a</strong></span> <span class='ocrx_word' id='word_1_64' title='bbox 511 1041 670 1090; x_wconf 88' lang='lat' dir='ltr'><strong>ventis</strong></span> <span class='ocrx_word' id='word_1_65' title='bbox 706 1040 915 1090; x_wconf 92' lang='lat' dir='ltr'><strong>hiberno</strong></span> <span class='ocrx_word' id='word_1_66' title='bbox 951 1057 1206 1104; x_wconf 92' lang='lat' dir='ltr'><strong>opponere</strong></span> <span class='ocrx_word' id='word_1_67' title='bbox 1242 1039 1335 1089; x_wconf 92' lang='lat' dir='ltr'><strong>soli</strong></span> 
     </span>
    </p>

    <p class='ocr_par' dir='ltr' id='par_1_11' title="bbox 134 1119 1464 1184">
     <span class='ocr_line' id='line_1_12' title="bbox 134 1119 1464 1184; baseline -0.002 -13"><span class='ocrx_word' id='word_1_68' title='bbox 134 1124 199 1171; x_wconf 89' lang='lat' dir='ltr'><strong>ad</strong></span> <span class='ocrx_word' id='word_1_69' title='bbox 236 1122 457 1171; x_wconf 91' lang='lat' dir='ltr'><strong>medium</strong></span> <span class='ocrx_word' id='word_1_70' title='bbox 493 1139 732 1171; x_wconf 90' lang='lat' dir='ltr'><strong>conversa</strong></span> <span class='ocrx_word' id='word_1_71' title='bbox 765 1121 912 1181; x_wconf 90' lang='lat' dir='ltr'><strong>diem,</strong></span> <span class='ocrx_word' id='word_1_72' title='bbox 953 1138 1067 1170; x_wconf 89' lang='lat' dir='ltr'><strong>cum</strong></span> <span class='ocrx_word' id='word_1_73' title='bbox 1104 1120 1308 1184; x_wconf 88' lang='lat' dir='ltr'><strong>frigidus</strong></span> <span class='ocrx_word' id='word_1_74' title='bbox 1344 1119 1464 1169; x_wconf 91' lang='lat' dir='ltr'><strong>olim</strong></span> 
     </span>
    </p>

    <p class='ocr_par' dir='ltr' id='par_1_12' title="bbox 134 1202 1437 1268">
     <span class='ocr_line' id='line_1_13' title="bbox 134 1202 1437 1268; baseline -0.002 -15"><span class='ocrx_word' id='word_1_75' title='bbox 134 1204 232 1253; x_wconf 92' lang='lat' dir='ltr'><strong>iam</strong></span> <span class='ocrx_word' id='word_1_76' title='bbox 270 1205 401 1254; x_wconf 91' lang='lat' dir='ltr'><strong>cadit</strong></span> <span class='ocrx_word' id='word_1_77' title='bbox 437 1214 756 1268; x_wconf 88' lang='lat' dir='ltr'><strong>extremoque</strong></span> <span class='ocrx_word' id='word_1_78' title='bbox 791 1203 974 1253; x_wconf 87' lang='lat' dir='ltr'><strong>inrorat</strong></span> <span class='ocrx_word' id='word_1_79' title='bbox 1009 1202 1255 1266; x_wconf 90' lang='lat' dir='ltr'><strong>Aquarius</strong></span> <span class='ocrx_word' id='word_1_80' title='bbox 1291 1218 1437 1251; x_wconf 89' lang='lat' dir='ltr'><strong>anno.</strong></span> 
     </span>
    </p>

    <p class='ocr_par' dir='ltr' id='par_1_13' title="bbox 136 1283 1809 1349">
     <span class='ocr_line' id='line_1_14' title="bbox 136 1283 1809 1349; baseline -0.002 -15"><span class='ocrx_word' id='word_1_81' title='bbox 136 1287 230 1335; x_wconf 92' lang='lat' dir='ltr'><strong>hae</strong></span> <span class='ocrx_word' id='word_1_82' title='bbox 266 1302 466 1349; x_wconf 92' lang='lat' dir='ltr'><strong>quoque</strong></span> <span class='ocrx_word' id='word_1_83' title='bbox 502 1302 604 1334; x_wconf 91' lang='lat' dir='ltr'><strong>non</strong></span> <span class='ocrx_word' id='word_1_84' title='bbox 641 1302 757 1334; x_wconf 89' lang='lat' dir='ltr'><strong>cura</strong></span> <span class='ocrx_word' id='word_1_85' title='bbox 791 1284 937 1334; x_wconf 90' lang='lat' dir='ltr'><strong>nobis</strong></span> <span class='ocrx_word' id='word_1_86' title='bbox 973 1283 1155 1332; x_wconf 92' lang='lat' dir='ltr'><strong>leviore</strong></span> <span class='ocrx_word' id='word_1_87' title='bbox 1191 1285 1407 1332; x_wconf 89' lang='lat' dir='ltr'><strong>tuendae</strong></span> <span class='ocrx_word' id='word_1_88' title='bbox 1732 1301 1809 1342; x_wconf 82' lang='lat'><strong>305</strong></span> 
     </span>
    </p>

    <p class='ocr_par' dir='ltr' id='par_1_14' title="bbox 137 1363 1459 1431">
     <span class='ocr_line' id='line_1_15' title="bbox 137 1363 1459 1431; baseline -0.002 -17"><span class='ocrx_word' id='word_1_89' title='bbox 137 1366 251 1431; x_wconf 91' lang='lat' dir='ltr'><strong>(nec</strong></span> <span class='ocrx_word' id='word_1_90' title='bbox 288 1366 449 1415; x_wconf 91' lang='lat' dir='ltr'><strong>minor</strong></span> <span class='ocrx_word' id='word_1_91' title='bbox 484 1383 602 1414; x_wconf 86' lang='lat' dir='ltr'><strong>usus</strong></span> <span class='ocrx_word' id='word_1_92' title='bbox 638 1365 740 1425; x_wconf 91' lang='lat' dir='ltr'><strong>erit,</strong></span> <span class='ocrx_word' id='word_1_93' title='bbox 782 1364 1005 1428; x_wconf 91' lang='lat' dir='ltr'><strong>quamvis</strong></span> <span class='ocrx_word' id='word_1_94' title='bbox 1045 1363 1243 1413; x_wconf 89' lang='lat' dir='ltr'><strong>Milesia</strong></span> <span class='ocrx_word' id='word_1_95' title='bbox 1278 1380 1459 1427; x_wconf 89' lang='lat' dir='ltr'><strong>magno</strong></span> 
     </span>
    </p>

    <p class='ocr_par' dir='ltr' id='par_1_15' title="bbox 135 1443 1320 1510">
     <span class='ocr_line' id='line_1_16' title="bbox 135 1443 1320 1510; baseline -0.001 -15"><span class='ocrx_word' id='word_1_96' title='bbox 135 1450 314 1497; x_wconf 91' lang='lat' dir='ltr'><strong>vellera</strong></span> <span class='ocrx_word' id='word_1_97' title='bbox 350 1456 600 1496; x_wconf 90' lang='lat' dir='ltr'><strong>mutentur</strong></span> <span class='ocrx_word' id='word_1_98' title='bbox 636 1446 811 1510; x_wconf 89' lang='lat' dir='ltr'><strong>Tyrios</strong></span> <span class='ocrx_word' id='word_1_99' title='bbox 848 1446 1044 1495; x_wconf 88' lang='lat' dir='ltr'><strong>incocta</strong></span> <span class='ocrx_word' id='word_1_100' title='bbox 1080 1443 1320 1509; x_wconf 93' lang='lat' dir='ltr'><strong>rubores),</strong></span> 
     </span>
    </p>

    <p class='ocr_par' dir='ltr' id='par_1_16' title="bbox 137 1526 1437 1590">
     <span class='ocr_line' id='line_1_17' title="bbox 137 1526 1437 1590; baseline -0.002 -13"><span class='ocrx_word' id='word_1_101' title='bbox 137 1528 336 1578; x_wconf 90' lang='lat' dir='ltr'><strong>densior</strong></span> <span class='ocrx_word' id='word_1_102' title='bbox 372 1528 487 1577; x_wconf 93' lang='lat' dir='ltr'><strong>hinc</strong></span> <span class='ocrx_word' id='word_1_103' title='bbox 525 1529 736 1587; x_wconf 90' lang='lat' dir='ltr'><strong>suboles,</strong></span> <span class='ocrx_word' id='word_1_104' title='bbox 778 1527 894 1576; x_wconf 92' lang='lat' dir='ltr'><strong>hinc</strong></span> <span class='ocrx_word' id='word_1_105' title='bbox 930 1526 1051 1590; x_wconf 88' lang='lat' dir='ltr'><strong>largi</strong></span> <span class='ocrx_word' id='word_1_106' title='bbox 1087 1526 1231 1590; x_wconf 92' lang='lat' dir='ltr'><strong>copia</strong></span> <span class='ocrx_word' id='word_1_107' title='bbox 1267 1526 1406 1575; x_wconf 88' lang='lat' dir='ltr'><strong>lactis</strong></span> <span class='ocrx_word' id='word_1_108' title='bbox 1424 1545 1437 1587; x_wconf 80' lang='lat'>3</span> 
     </span>
    </p>

    <p class='ocr_par' dir='ltr' id='par_1_17' title="bbox 137 1607 1522 1674">
     <span class='ocr_line' id='line_1_18' title="bbox 137 1607 1522 1674; baseline -0.003 -15"><span class='ocrx_word' id='word_1_109' title='bbox 137 1627 286 1674; x_wconf 90' lang='lat' dir='ltr'><strong>quam</strong></span> <span class='ocrx_word' id='word_1_110' title='bbox 324 1610 477 1674; x_wconf 91' lang='lat' dir='ltr'><strong>magis</strong></span> <span class='ocrx_word' id='word_1_111' title='bbox 515 1611 753 1659; x_wconf 89' lang='lat' dir='ltr'><strong>exhausto</strong></span> <span class='ocrx_word' id='word_1_112' title='bbox 790 1607 1090 1673; x_wconf 90' lang='lat' dir='ltr'><strong>spumaverit</strong></span> <span class='ocrx_word' id='word_1_113' title='bbox 1126 1609 1277 1657; x_wconf 92' lang='lat' dir='ltr'><strong>ubere</strong></span> <span class='ocrx_word' id='word_1_114' title='bbox 1314 1610 1522 1656; x_wconf 90' lang='lat' dir='ltr'><strong>mulctra</strong></span> 
     </span>
    </p>

    <p class='ocr_par' dir='ltr' id='par_1_18' title="bbox 136 1688 1812 1755">
     <span class='ocr_line' id='line_1_19' title="bbox 136 1688 1812 1755; baseline -0.002 -16"><span class='ocrx_word' id='word_1_115' title='bbox 136 1694 264 1741; x_wconf 90' lang='lat' dir='ltr'><strong>laeta</strong></span> <span class='ocrx_word' id='word_1_116' title='bbox 299 1691 452 1755; x_wconf 88' lang='lat' dir='ltr'><strong>magis</strong></span> <span class='ocrx_word' id='word_1_117' title='bbox 490 1691 668 1754; x_wconf 89' lang='lat' dir='ltr'><strong>pressis</strong></span> <span class='ocrx_word' id='word_1_118' title='bbox 706 1691 980 1739; x_wconf 90' lang='lat' dir='ltr'><strong>manabunt</strong></span> <span class='ocrx_word' id='word_1_119' title='bbox 1015 1689 1221 1738; x_wconf 90' lang='lat' dir='ltr'><strong>fiumina</strong></span> <span class='ocrx_word' id='word_1_120' title='bbox 1257 1688 1501 1737; x_wconf 88' lang='lat' dir='ltr'><strong>mammis.</strong></span> <span class='ocrx_word' id='word_1_121' title='bbox 1730 1709 1812 1748; x_wconf 83' lang='lat'><strong>310</strong></span> 
     </span>
    </p>

    <p class='ocr_par' dir='ltr' id='par_1_19' title="bbox 137 1771 1383 1834">
     <span class='ocr_line' id='line_1_20' title="bbox 137 1771 1383 1834; baseline -0.002 -13"><span class='ocrx_word' id='word_1_122' title='bbox 137 1791 229 1822; x_wconf 91' lang='lat' dir='ltr'><strong>nec</strong></span> <span class='ocrx_word' id='word_1_123' title='bbox 266 1773 430 1822; x_wconf 90' lang='lat' dir='ltr'><strong>minus</strong></span> <span class='ocrx_word' id='word_1_124' title='bbox 466 1773 651 1822; x_wconf 89' lang='lat' dir='ltr'><strong>interea</strong></span> <span class='ocrx_word' id='word_1_125' title='bbox 685 1773 864 1821; x_wconf 88' lang='lat' dir='ltr'><strong>barbas</strong></span> <span class='ocrx_word' id='word_1_126' title='bbox 900 1771 1178 1834; x_wconf 87' lang='lat' dir='ltr'><strong>incanaque</strong></span> <span class='ocrx_word' id='word_1_127' title='bbox 1215 1779 1383 1819; x_wconf 90' lang='lat' dir='ltr'><strong>menta</strong></span> 
     </span>
    </p>

    <p class='ocr_par' dir='ltr' id='par_1_20' title="bbox 139 1851 1353 1918">
     <span class='ocr_line' id='line_1_21' title="bbox 139 1851 1353 1918; baseline -0.003 -14"><span class='ocrx_word' id='word_1_128' title='bbox 139 1854 372 1918; x_wconf 89' lang='lat' dir='ltr'><strong>Cinyphii</strong></span> <span class='ocrx_word' id='word_1_129' title='bbox 409 1856 620 1903; x_wconf 88' lang='lat' dir='ltr'><strong>tondent</strong></span> <span class='ocrx_word' id='word_1_130' title='bbox 655 1853 778 1902; x_wconf 87' lang='lat' dir='ltr'><strong>hirci</strong></span> <span class='ocrx_word' id='word_1_131' title='bbox 814 1862 1073 1916; x_wconf 86' lang='lat' dir='ltr'><strong>saetasque</strong></span> <span class='ocrx_word' id='word_1_132' title='bbox 1109 1851 1353 1901; x_wconf 89' lang='lat' dir='ltr'><strong>comantis</strong></span> 
     </span>
    </p>

    <p class='ocr_par' dir='ltr' id='par_1_21' title="bbox 138 1932 1476 1985">
     <span class='ocr_line' id='line_1_22' title="bbox 138 1932 1476 1985; baseline -0.003 0"><span class='ocrx_word' id='word_1_133' title='bbox 138 1953 282 1985; x_wconf 92' lang='lat' dir='ltr'><strong>usum</strong></span> <span class='ocrx_word' id='word_1_134' title='bbox 319 1936 369 1984; x_wconf 92' lang='lat' dir='ltr'><strong>in</strong></span> <span class='ocrx_word' id='word_1_135' title='bbox 406 1945 675 1985; x_wconf 87' lang='lat' dir='ltr'><strong>castrorum</strong></span> <span class='ocrx_word' id='word_1_136' title='bbox 712 1944 760 1984; x_wconf 88' lang='lat' dir='ltr'><strong>et</strong></span> <span class='ocrx_word' id='word_1_137' title='bbox 797 1933 985 1983; x_wconf 88' lang='lat' dir='ltr'><strong>miseris</strong></span> <span class='ocrx_word' id='word_1_138' title='bbox 1021 1933 1267 1983; x_wconf 89' lang='lat' dir='ltr'><strong>velamina</strong></span> <span class='ocrx_word' id='word_1_139' title='bbox 1301 1932 1476 1982; x_wconf 90' lang='lat' dir='ltr'><strong>nautis.</strong></span> 
     </span>
    </p>

    <p class='ocr_par' dir='ltr' id='par_1_22' title="bbox 138 2014 1281 2081">
     <span class='ocr_line' id='line_1_23' title="bbox 138 2014 1281 2081; baseline -0.003 -14"><span class='ocrx_word' id='word_1_140' title='bbox 138 2027 405 2081; x_wconf 90' lang='lat' dir='ltr'><strong>pascuntur</strong></span> <span class='ocrx_word' id='word_1_141' title='bbox 440 2034 554 2066; x_wconf 92' lang='lat' dir='ltr'><strong>vero</strong></span> <span class='ocrx_word' id='word_1_142' title='bbox 591 2017 734 2065; x_wconf 89' lang='lat' dir='ltr'><strong>silvas</strong></span> <span class='ocrx_word' id='word_1_143' title='bbox 772 2026 821 2065; x_wconf 91' lang='lat' dir='ltr'><strong>et</strong></span> <span class='ocrx_word' id='word_1_144' title='bbox 856 2032 1050 2064; x_wconf 91' lang='lat' dir='ltr'><strong>summa</strong></span> <span class='ocrx_word' id='word_1_145' title='bbox 1087 2014 1281 2078; x_wconf 91' lang='lat' dir='ltr'><strong>Lycaei,</strong></span> 
     </span>
    </p>

    <p class='ocr_par' dir='ltr' id='par_1_23' title="bbox 139 2096 1810 2161">
     <span class='ocr_line' id='line_1_24' title="bbox 139 2096 1810 2161; baseline -0.003 -14"><span class='ocrx_word' id='word_1_146' title='bbox 139 2098 479 2161; x_wconf 82' lang='lat' dir='ltr'><strong>horrentisque</strong></span> <span class='ocrx_word' id='word_1_147' title='bbox 515 2099 664 2146; x_wconf 90' lang='lat' dir='ltr'><strong>rubos</strong></span> <span class='ocrx_word' id='word_1_148' title='bbox 702 2106 751 2146; x_wconf 91' lang='lat' dir='ltr'><strong>et</strong></span> <span class='ocrx_word' id='word_1_149' title='bbox 786 2096 997 2145; x_wconf 89' lang='lat' dir='ltr'><strong>amantis</strong></span> <span class='ocrx_word' id='word_1_150' title='bbox 1032 2097 1187 2144; x_wconf 87' lang='lat' dir='ltr'><strong>ardua</strong></span> <span class='ocrx_word' id='word_1_151' title='bbox 1222 2097 1415 2144; x_wconf 90' lang='lat' dir='ltr'><strong>dumos.</strong></span> <span class='ocrx_word' id='word_1_152' title='bbox 1734 2114 1810 2154; x_wconf 89' lang='lat'><strong>315</strong></span> 
     </span>
    </p>

    <p class='ocr_par' dir='ltr' id='par_1_24' title="bbox 139 2175 1507 2242">
     <span class='ocr_line' id='line_1_25' title="bbox 139 2175 1507 2242; baseline -0.003 -15"><span class='ocrx_word' id='word_1_153' title='bbox 139 2188 287 2242; x_wconf 89' lang='lat' dir='ltr'><strong>atque</strong></span> <span class='ocrx_word' id='word_1_154' title='bbox 323 2179 458 2242; x_wconf 88' lang='lat' dir='ltr'><strong>ipsae</strong></span> <span class='ocrx_word' id='word_1_155' title='bbox 494 2194 738 2227; x_wconf 90' lang='lat' dir='ltr'><strong>memores</strong></span> <span class='ocrx_word' id='word_1_156' title='bbox 775 2178 985 2226; x_wconf 90' lang='lat' dir='ltr'><strong>redeunt</strong></span> <span class='ocrx_word' id='word_1_157' title='bbox 1020 2175 1071 2224; x_wconf 92' lang='lat' dir='ltr'><strong>in</strong></span> <span class='ocrx_word' id='word_1_158' title='bbox 1108 2184 1250 2235; x_wconf 88' lang='lat' dir='ltr'><strong>tecta,</strong></span> <span class='ocrx_word' id='word_1_159' title='bbox 1291 2191 1507 2239; x_wconf 90' lang='lat' dir='ltr'><strong>suosque</strong></span> 
     </span>
    </p>

    <p class='ocr_par' dir='ltr' id='par_1_25' title="bbox 140 2255 1441 2322">
     <span class='ocr_line' id='line_1_26' title="bbox 140 2255 1441 2322; baseline -0.003 -14"><span class='ocrx_word' id='word_1_160' title='bbox 140 2262 343 2319; x_wconf 86' lang='lat' dir='ltr'><strong>ducunt,</strong></span> <span class='ocrx_word' id='word_1_161' title='bbox 383 2269 430 2308; x_wconf 91' lang='lat' dir='ltr'><strong>et</strong></span> <span class='ocrx_word' id='word_1_162' title='bbox 466 2258 667 2322; x_wconf 90' lang='lat' dir='ltr'><strong>gravido</strong></span> <span class='ocrx_word' id='word_1_163' title='bbox 705 2266 938 2322; x_wconf 89' lang='lat' dir='ltr'><strong>superant</strong></span> <span class='ocrx_word' id='word_1_164' title='bbox 974 2256 1054 2304; x_wconf 89' lang='lat' dir='ltr'><strong>vix</strong></span> <span class='ocrx_word' id='word_1_165' title='bbox 1089 2257 1241 2305; x_wconf 93' lang='lat' dir='ltr'><strong>ubere</strong></span> <span class='ocrx_word' id='word_1_166' title='bbox 1276 2255 1441 2304; x_wconf 86' lang='lat' dir='ltr'><strong>limen.</strong></span> 
     </span>
    </p>

    <p class='ocr_par' dir='ltr' id='par_1_26' title="bbox 141 2336 1407 2405">
     <span class='ocr_line' id='line_1_27' title="bbox 141 2336 1407 2405; baseline -0.004 -15"><span class='ocrx_word' id='word_1_167' title='bbox 141 2358 255 2405; x_wconf 89' lang='lat' dir='ltr'><strong>ergo</strong></span> <span class='ocrx_word' id='word_1_168' title='bbox 292 2341 428 2390; x_wconf 92' lang='lat' dir='ltr'><strong>omni</strong></span> <span class='ocrx_word' id='word_1_169' title='bbox 465 2341 630 2390; x_wconf 88' lang='lat' dir='ltr'><strong>studio</strong></span> <span class='ocrx_word' id='word_1_170' title='bbox 666 2339 874 2404; x_wconf 85' lang='lat' dir='ltr'><strong>glaciem</strong></span> <span class='ocrx_word' id='word_1_171' title='bbox 911 2347 1186 2402; x_wconf 91' lang='lat' dir='ltr'><strong>ventosque</strong></span> <span class='ocrx_word' id='word_1_172' title='bbox 1212 2336 1407 2397; x_wconf 25' lang='lat' dir='ltr'><strong>«nivalis,</strong></span> 
     </span>
    </p>

    <p class='ocr_par' dir='ltr' id='par_1_27' title="bbox 142 2420 1355 2484">
     <span class='ocr_line' id='line_1_28' title="bbox 142 2420 1355 2484; baseline -0.002 -14"><span class='ocrx_word' id='word_1_173' title='bbox 142 2438 242 2484; x_wconf 93' lang='lat' dir='ltr'><strong>quo</strong></span> <span class='ocrx_word' id='word_1_174' title='bbox 278 2421 439 2470; x_wconf 89' lang='lat' dir='ltr'><strong>minor</strong></span> <span class='ocrx_word' id='word_1_175' title='bbox 475 2430 548 2470; x_wconf 91' lang='lat' dir='ltr'><strong>est</strong></span> <span class='ocrx_word' id='word_1_176' title='bbox 583 2420 676 2469; x_wconf 89' lang='lat' dir='ltr'><strong>illis</strong></span> <span class='ocrx_word' id='word_1_177' title='bbox 715 2438 860 2470; x_wconf 90' lang='lat' dir='ltr'><strong>curae</strong></span> <span class='ocrx_word' id='word_1_178' title='bbox 897 2420 1115 2469; x_wconf 90' lang='lat' dir='ltr'><strong>mortalis</strong></span> <span class='ocrx_word' id='word_1_179' title='bbox 1152 2427 1355 2483; x_wconf 85' lang='lat' dir='ltr'><strong>egestas,</strong></span> 
     </span>
    </p>

    <p class='ocr_par' dir='ltr' id='par_1_28' title="bbox 141 2502 1814 2565">
     <span class='ocr_line' id='line_1_29' title="bbox 141 2502 1814 2565; baseline -0.001 -15"><span class='ocrx_word' id='word_1_180' title='bbox 141 2511 342 2562; x_wconf 89' lang='lat' dir='ltr'><strong>avertes,</strong></span> <span class='ocrx_word' id='word_1_181' title='bbox 381 2502 666 2565; x_wconf 86' lang='lat' dir='ltr'><strong>victumque</strong></span> <span class='ocrx_word' id='word_1_182' title='bbox 702 2503 827 2550; x_wconf 90' lang='lat' dir='ltr'><strong>feres</strong></span> <span class='ocrx_word' id='word_1_183' title='bbox 863 2510 912 2550; x_wconf 89' lang='lat' dir='ltr'><strong>et</strong></span> <span class='ocrx_word' id='word_1_184' title='bbox 946 2502 1110 2564; x_wconf 90' lang='lat' dir='ltr'><strong>virgea</strong></span> <span class='ocrx_word' id='word_1_185' title='bbox 1144 2502 1301 2549; x_wconf 90' lang='lat' dir='ltr'><strong>laetus</strong></span> <span class='ocrx_word' id='word_1_186' title='bbox 1735 2519 1814 2558; x_wconf 82' lang='lat'><strong>320</strong></span> 
     </span>
    </p>

    <p class='ocr_par' dir='ltr' id='par_1_29' title="bbox 142 2582 1302 2646">
     <span class='ocr_line' id='line_1_30' title="bbox 142 2582 1302 2646; baseline -0.001 -15"><span class='ocrx_word' id='word_1_187' title='bbox 142 2583 335 2646; x_wconf 91' lang='lat' dir='ltr'><strong>pabula,</strong></span> <span class='ocrx_word' id='word_1_188' title='bbox 376 2599 468 2631; x_wconf 93' lang='lat' dir='ltr'><strong>nec</strong></span> <span class='ocrx_word' id='word_1_189' title='bbox 504 2591 608 2631; x_wconf 90' lang='lat' dir='ltr'><strong>tota</strong></span> <span class='ocrx_word' id='word_1_190' title='bbox 644 2583 844 2631; x_wconf 89' lang='lat' dir='ltr'><strong>claudes</strong></span> <span class='ocrx_word' id='word_1_191' title='bbox 882 2582 1079 2631; x_wconf 90' lang='lat' dir='ltr'><strong>faenilia</strong></span> <span class='ocrx_word' id='word_1_192' title='bbox 1114 2582 1302 2631; x_wconf 89' lang='lat' dir='ltr'><strong>bruma.</strong></span> 
     </span>
    </p>

    <p class='ocr_par' dir='ltr' id='par_1_30' title="bbox 142 2661 1452 2725">
     <span class='ocr_line' id='line_1_31' title="bbox 142 2661 1452 2725; baseline 0.001 -15"><span class='ocrx_word' id='word_1_193' title='bbox 142 2672 192 2710; x_wconf 88' lang='lat' dir='ltr'><strong>at</strong></span> <span class='ocrx_word' id='word_1_194' title='bbox 227 2679 342 2711; x_wconf 91' lang='lat' dir='ltr'><strong>vero</strong></span> <span class='ocrx_word' id='word_1_195' title='bbox 378 2662 611 2725; x_wconf 92' lang='lat' dir='ltr'><strong>Zephyris</strong></span> <span class='ocrx_word' id='word_1_196' title='bbox 649 2680 763 2711; x_wconf 87' lang='lat' dir='ltr'><strong>curn</strong></span> <span class='ocrx_word' id='word_1_197' title='bbox 800 2665 927 2711; x_wconf 92' lang='lat' dir='ltr'><strong>laeta</strong></span> <span class='ocrx_word' id='word_1_198' title='bbox 963 2661 1255 2711; x_wconf 89' lang='lat' dir='ltr'><strong>vocantibus</strong></span> <span class='ocrx_word' id='word_1_199' title='bbox 1291 2670 1452 2711; x_wconf 90' lang='lat' dir='ltr'><strong>aestas</strong></span> 
     </span>
    </p>
   </div>
   <div class='ocr_carea' id='block_1_3' title="bbox 197 2789 1879 2843">
    <p class='ocr_par' dir='ltr' id='par_1_31' title="bbox 197 2789 1879 2843">
     <span class='ocr_line' id='line_1_32' title="bbox 197 2789 1879 2843; baseline -0.001 -12"><span class='ocrx_word' id='word_1_200' title='bbox 197 2805 387 2843; x_wconf 84' lang='lat'><strong>293-322</strong></span> <span class='ocrx_word' id='word_1_201' title='bbox 407 2791 571 2830; x_wconf 84' lang='lat' dir='ltr'><em>FMPR</em></span> <span class='ocrx_word' id='word_1_202' title='bbox 694 2804 772 2842; x_wconf 87' lang='lat'><strong>297</strong></span> <span class='ocrx_word' id='word_1_203' title='bbox 805 2793 956 2831; x_wconf 86' lang='lat' dir='ltr'><strong>durum</strong></span> <span class='ocrx_word' id='word_1_204' title='bbox 975 2791 1082 2831; x_wconf 85' lang='lat' dir='ltr'><strong>PR:</strong></span> <span class='ocrx_word' id='word_1_205' title='bbox 1115 2793 1220 2831; x_wconf 88' lang='lat' dir='ltr'><strong>dura</strong></span> <span class='ocrx_word' id='word_1_206' title='bbox 1246 2791 1303 2830; x_wconf 84' lang='lat' dir='ltr'><strong>Fl</strong></span> <span class='ocrx_word' id='word_1_207' title='bbox 1322 2806 1330 2830; x_wconf 90' lang='lat'>:</span> <span class='ocrx_word' id='word_1_208' title='bbox 1372 2792 1478 2830; x_wconf 81' lang='lat' dir='ltr'><strong>dura</strong></span> <span class='ocrx_word' id='word_1_209' title='bbox 1499 2790 1542 2829; x_wconf 91' lang='lat' dir='ltr'><strong>in</strong></span> <span class='ocrx_word' id='word_1_210' title='bbox 1562 2789 1620 2830; x_wconf 79' lang='lat' dir='ltr'><strong>F²</strong></span> <span class='ocrx_word' id='word_1_211' title='bbox 1731 2802 1811 2840; x_wconf 86' lang='lat'><strong>305</strong></span> <span class='ocrx_word' id='word_1_212' title='bbox 1876 2801 1879 2803; x_wconf 78' lang='grc'><strong><em>·</em></strong></span> 
     </span>
    </p>
   </div>
   <div class='ocr_carea' id='block_1_4' title="bbox 144 2845 1818 3060">
    <p class='ocr_par' dir='ltr' id='par_1_32' title="bbox 144 2845 1818 3060">
     <span class='ocr_line' id='line_1_33' title="bbox 144 2845 1813 2897; baseline -0.001 -12"><span class='ocrx_word' id='word_1_213' title='bbox 144 2848 224 2886; x_wconf 92' lang='lat' dir='ltr'><strong>hae</strong></span> <span class='ocrx_word' id='word_1_214' title='bbox 240 2877 250 2886; x_wconf 91' lang='lat'>.</span> <span class='ocrx_word' id='word_1_215' title='bbox 271 2878 280 2887; x_wconf 93' lang='lat'>.</span> <span class='ocrx_word' id='word_1_216' title='bbox 303 2877 312 2887; x_wconf 93' lang='lat'><strong>.</strong></span> <span class='ocrx_word' id='word_1_217' title='bbox 331 2847 516 2885; x_wconf 87' lang='lat' dir='ltr'><strong>tuendae</strong></span> <span class='ocrx_word' id='word_1_218' title='bbox 536 2845 621 2897; x_wconf 72' lang='grc' dir='ltr'><strong>ΡὙ1</strong></span> <span class='ocrx_word' id='word_1_219' title='bbox 639 2860 647 2884; x_wconf 84' lang='grc'>;</span> <span class='ocrx_word' id='word_1_220' title='bbox 669 2847 775 2885; x_wconf 89' lang='lat' dir='ltr'><strong>haec</strong></span> <span class='ocrx_word' id='word_1_221' title='bbox 789 2876 799 2886; x_wconf 85' lang='lat'><strong>.</strong></span> <span class='ocrx_word' id='word_1_222' title='bbox 820 2876 830 2886; x_wconf 88' lang='lat'><strong>.</strong></span> <span class='ocrx_word' id='word_1_223' title='bbox 851 2877 861 2886; x_wconf 90' lang='lat'><strong>.</strong></span> <span class='ocrx_word' id='word_1_224' title='bbox 880 2848 1069 2885; x_wconf 88' lang='lat' dir='ltr'><strong>tuendae</strong></span> <span class='ocrx_word' id='word_1_225' title='bbox 1087 2846 1210 2897; x_wconf 66' lang='lat' dir='ltr'><strong>FR72</strong></span> <span class='ocrx_word' id='word_1_226' title='bbox 1222 2846 1412 2884; x_wconf 82' lang='lat' dir='ltr'><strong>Ribbeck:</strong></span> <span class='ocrx_word' id='word_1_227' title='bbox 1441 2846 1548 2885; x_wconf 90' lang='lat' dir='ltr'><strong>haec</strong></span> <span class='ocrx_word' id='word_1_228' title='bbox 1564 2875 1574 2885; x_wconf 84' lang='lat'><strong>.</strong></span> <span class='ocrx_word' id='word_1_229' title='bbox 1595 2875 1604 2885; x_wconf 90' lang='lat'><strong><em>.</em></strong></span> <span class='ocrx_word' id='word_1_230' title='bbox 1626 2875 1636 2885; x_wconf 90' lang='lat'><strong>.</strong></span> <span class='ocrx_word' id='word_1_231' title='bbox 1655 2847 1813 2884; x_wconf 89' lang='lat' dir='ltr'><strong>tuenda</strong></span> 
     </span>
     <span class='ocr_line' id='line_1_34' title="bbox 145 2900 1812 2952; baseline 0 -14"><span class='ocrx_word' id='word_1_232' title='bbox 145 2900 266 2952; x_wconf 79' lang='lat' dir='ltr'><strong>Mb1c,</strong></span> <span class='ocrx_word' id='word_1_233' title='bbox 289 2905 326 2939; x_wconf 82' lang='lat' dir='ltr'><strong>et</strong></span> <span class='ocrx_word' id='word_1_234' title='bbox 343 2902 424 2939; x_wconf 84' lang='lat' dir='ltr'><strong>hae</strong></span> <span class='ocrx_word' id='word_1_235' title='bbox 448 2905 486 2938; x_wconf 87' lang='lat' dir='ltr'><strong>et</strong></span> <span class='ocrx_word' id='word_1_236' title='bbox 505 2901 611 2939; x_wconf 90' lang='lat' dir='ltr'><strong>haec</strong></span> <span class='ocrx_word' id='word_1_237' title='bbox 642 2902 828 2939; x_wconf 87' lang='lat' dir='ltr'><strong>tuendae</strong></span> <span class='ocrx_word' id='word_1_238' title='bbox 854 2905 1111 2952; x_wconf 84' lang='lat' dir='ltr'><strong>reppererunt</strong></span> <span class='ocrx_word' id='word_1_239' title='bbox 1131 2900 1246 2939; x_wconf 84' lang='lat' dir='ltr'><strong>Serv.</strong></span> <span class='ocrx_word' id='word_1_240' title='bbox 1277 2900 1570 2951; x_wconf 71' lang='lat' dir='ltr'><strong>Phdargyrius</strong></span> <span class='ocrx_word' id='word_1_241' title='bbox 1732 2912 1812 2949; x_wconf 87' lang='lat'><strong>307</strong></span> 
     </span>
     <span class='ocr_line' id='line_1_35' title="bbox 145 2953 1818 3006; baseline -0.001 -13"><span class='ocrx_word' id='word_1_242' title='bbox 145 2956 311 2994; x_wconf 89' lang='lat' dir='ltr'><strong>colores</strong></span> <span class='ocrx_word' id='word_1_243' title='bbox 325 2955 368 2993; x_wconf 88' lang='lat' dir='ltr'><em>R</em></span> <span class='ocrx_word' id='word_1_244' title='bbox 478 2967 558 3005; x_wconf 88' lang='lat'><strong>309</strong></span> <span class='ocrx_word' id='word_1_245' title='bbox 587 2967 672 3004; x_wconf 94' lang='lat' dir='ltr'><strong>quo</strong></span> <span class='ocrx_word' id='word_1_246' title='bbox 691 2955 734 2992; x_wconf 88' lang='lat' dir='ltr'><em>R</em></span> <span class='ocrx_word' id='word_1_247' title='bbox 870 2968 951 3004; x_wconf 87' lang='lat'><strong>310</strong></span> <span class='ocrx_word' id='word_1_248' title='bbox 971 2953 1161 3006; x_wconf 86' lang='lat' dir='ltr'><strong>flumina]</strong></span> <span class='ocrx_word' id='word_1_249' title='bbox 1184 2954 1315 2993; x_wconf 89' lang='lat' dir='ltr'><strong>ubera</strong></span> <span class='ocrx_word' id='word_1_250' title='bbox 1332 2954 1436 2993; x_wconf 87' lang='lat' dir='ltr'><strong>PRc</strong></span> <span class='ocrx_word' id='word_1_251' title='bbox 1452 2954 1616 2992; x_wconf 76' lang='lat' dir='ltr'><strong>Nonius</strong></span> <span class='ocrx_word' id='word_1_252' title='bbox 1635 2954 1818 3005; x_wconf 82' lang='lat' dir='ltr'><strong>agnoscit</strong></span> 
     </span>
     <span class='ocr_line' id='line_1_36' title="bbox 145 3007 1697 3060; baseline 0 -14"><span class='ocrx_word' id='word_1_253' title='bbox 145 3009 432 3060; x_wconf 77' lang='lat' dir='ltr'><strong>Philargyrius</strong></span> <span class='ocrx_word' id='word_1_254' title='bbox 542 3021 624 3058; x_wconf 84' lang='lat'><strong>312</strong></span> <span class='ocrx_word' id='word_1_255' title='bbox 654 3009 793 3059; x_wconf 87' lang='lat' dir='ltr'><strong>hirqui</strong></span> <span class='ocrx_word' id='word_1_256' title='bbox 812 3008 856 3046; x_wconf 93' lang='lat' dir='ltr'><em>P</em></span> <span class='ocrx_word' id='word_1_257' title='bbox 873 3009 919 3058; x_wconf 90' lang='lat' dir='ltr'><strong>cs.</strong></span> <span class='ocrx_word' id='word_1_258' title='bbox 941 3009 1025 3048; x_wconf 88' lang='lat' dir='ltr'><strong>Ecl.</strong></span> <span class='ocrx_word' id='word_1_259' title='bbox 1048 3009 1103 3047; x_wconf 83' lang='lat' dir='ltr'><strong>iii.</strong></span> <span class='ocrx_word' id='word_1_260' title='bbox 1126 3010 1153 3048; x_wconf 89' lang='lat'>8</span> <span class='ocrx_word' id='word_1_261' title='bbox 1244 3010 1325 3058; x_wconf 85' lang='lat'><strong>316</strong></span> <span class='ocrx_word' id='word_1_262' title='bbox 1354 3009 1624 3047; x_wconf 88' lang='lat' dir='ltr'><strong>immemores</strong></span> <span class='ocrx_word' id='word_1_263' title='bbox 1645 3007 1697 3045; x_wconf 93' lang='lat' dir='ltr'><em>M</em></span> 
     </span>
    </p>
   </div>
  </div>
 </body>
</html>
