2014 3372
210 151 263 198 P.
303 149 603 198 VERGILI
642 149 969 199 MARONIS

209 301 316 341 tum
353 309 501 356 super
536 291 821 341 exanimum
859 307 967 340 sese
1003 289 1210 354 proiecit
1246 289 1463 339 amicum

209 377 483 434 confossus,
522 373 820 437 placidaque
856 372 926 421 ibi
964 373 1170 421 demum
1208 381 1365 420 morte
1402 370 1601 435 quievit.
1668 382 1670 384 “
1805 393 1886 434 445

278 455 536 505 Fortunati
571 455 753 504 ambo!
803 454 843 503 si
880 453 1002 517 quid
1039 470 1151 502 mea
1188 452 1406 502 carmina
1440 462 1662 516 possunt,

208 539 344 586 nulla
380 536 486 586 dies
523 553 763 600 umquam
801 535 1010 584 memori
1045 551 1133 583 vos
1170 533 1351 582 eximet
1386 550 1522 593 aevo,

209 621 332 668 dum
370 620 551 668 domus
588 621 792 667 Aeneae
829 616 1047 680 Capitoli
1082 615 1340 664 immobile
1377 632 1549 664 saxum

207 702 399 750 accolet
435 699 800 764 imperiumque
834 709 973 763 pater
1010 700 1270 747 Romanus
1306 696 1523 746 habebit.

277 781 504 831 Victores
540 783 726 844 praeda
763 779 938 829 Rutuli
975 778 1246 842 spoliisque
1281 777 1425 841 potiti
1590 789 1594 792 “
1696 813 1700 815 »
1805 798 1888 838 450

208 865 508 912 Volcentem
544 862 830 911 exanimum
866 863 1041 910 flentes
1078 860 1129 908 in
1166 869 1324 909 castra
1359 860 1595 909 ferebant.
1859 880 1869 884 ‘

209 961 303 993 nec
340 944 502 993 minor
537 943 589 992 in
627 943 795 993 castris
832 945 994 992 luctus
1034 943 1318 990 Rhamnete
1354 950 1548 1004 reperto

209 1026 444 1090 exsangui
480 1035 529 1075 et
564 1025 734 1088 primis
771 1042 871 1073 una
906 1034 981 1073 tot
1017 1025 1171 1072 caede
1206 1022 1489 1086 peremptis,

209 1109 520 1171 Serranoque
557 1109 838 1170 Numaque.
913 1105 1086 1169 ingens
1122 1121 1395 1153 concursus
1430 1106 1495 1153 ad
1532 1103 1639 1167 ipsa

209 1205 417 1252 corpora
452 1187 816 1251 seminecisque
852 1186 995 1246 viros,
1035 1186 1304 1249 tepidaque
1340 1194 1591 1234 recentem
1799 1205 1884 1247 455

208 1272 363 1320 caede
398 1272 567 1319 locum
603 1279 652 1319 et
687 1271 864 1333 plenos
901 1267 1153 1331 spumanti
1189 1266 1429 1331 sanguine
1464 1266 1605 1316 rivos.

207 1360 485 1414 agnoscunt
522 1350 680 1415 spolia
715 1350 842 1399 inter
878 1366 931 1399 se
966 1351 1259 1412 galeamque
1294 1347 1536 1397 nitentem

210 1433 432 1496 Messapi
468 1442 517 1481 et
553 1435 711 1481 multo
747 1433 973 1495 phaleras
1010 1432 1191 1480 sudore
1227 1440 1461 1493 receptas.

277 1516 342 1562 Et
378 1514 477 1562 iam
513 1513 672 1576 prima
707 1530 840 1562 novo
877 1513 1137 1576 spargebat
1172 1512 1360 1560 lumine
1396 1522 1545 1561 terras

208 1594 416 1644 Tithoni
453 1612 685 1644 croceum
722 1594 953 1658 linquens
989 1596 1183 1642 Aurora
1218 1593 1414 1642 cubile:
1803 1601 1887 1655 460

206 1676 306 1725 iam
344 1678 448 1726 sole
484 1676 663 1736 infuso,
703 1676 801 1724 iam
838 1676 985 1724 rebus
1021 1677 1132 1724 luce
1169 1675 1364 1724 retectis

207 1761 406 1808 Turnus
443 1758 495 1807 in
530 1776 666 1807 arma
701 1758 831 1807 viros
867 1757 1015 1806 armis
1053 1757 1386 1807 circumdatus
1422 1757 1529 1822 ipse

208 1840 423 1901 suscitat,
463 1851 752 1904 aeratasque
788 1839 918 1889 acies
955 1839 1006 1888 in
1042 1840 1229 1903 proelia
1265 1840 1397 1904 cogit

207 1922 419 1986 quisque
456 1939 581 1982 suas,
621 1921 867 1985 variisque
902 1931 1088 1970 acuunt
1125 1922 1404 1971 rumoribus
1442 1922 1549 1971 iras.

207 2004 328 2067 quin
365 2004 473 2067 ipsa
507 2004 705 2053 arrectis
744 2003 871 2067 (visu
908 2002 1208 2068 miserabile)
1247 2003 1298 2051 in
1334 2004 1487 2053 hastis
1800 2013 1882 2066 465

206 2087 482 2148 praefigunt
519 2085 681 2148 capita
717 2095 765 2134 et
802 2087 960 2133 multo
1000 2087 1216 2134 clamore
1254 2095 1528 2148 sequuntur

208 2167 407 2229 Euryali
444 2176 493 2215 et
529 2167 651 2215 Nisi.

205 2250 476 2297 Aeneadae
513 2248 623 2297 duri
660 2265 913 2297 murorum
949 2248 1000 2297 in
1037 2261 1175 2313 parte
1214 2250 1409 2300 sinistra

206 2346 485 2392 opposuere
520 2329 678 2378 aciem
715 2330 852 2395 (nam
889 2332 1089 2381 dextera
1125 2332 1334 2396 cingitur
1369 2330 1541 2396 amni),

206 2410 519 2474 ingentisque
555 2420 727 2459 tenent
762 2413 919 2460 fossas
957 2422 1005 2461 et
1042 2413 1255 2462 turribus
1292 2413 1402 2462 altis
1801 2431 1884 2476 470

205 2502 336 2540 stant
373 2491 547 2541 maesti
565 2511 578 2553 3
615 2491 762 2541 simul
798 2510 885 2542 ora
920 2494 1078 2543 virum
1117 2496 1331 2558 praefixa
1367 2495 1638 2544 movebant

205 2582 324 2621 nota
360 2572 506 2621 nimis
544 2573 733 2622 miseris
770 2584 978 2638 atroque
1015 2576 1219 2625 fluentia
1255 2577 1386 2625 tabo.

261 2718 452 2754 444—472
474 2705 606 2745 MPR
783 2721 865 2757 449
894 2714 1061 2758 patrum
1081 2708 1256 2747 sz‘bala
1366 2719 1447 2757 454
1471 2708 1711 2758 Numaque]
1729 2711 1806 2746 aut
1821 2708 1887 2746 hic

206 2759 337 2798 Lamo
359 2764 434 2798 aut
447 2775 483 2800 v.
501 2774 582 2811 334
599 2762 783 2801 Numam
803 2763 1056 2814 scripturum
1064 2763 1206 2812 fuisse
1221 2766 1389 2814 poetam
1408 2763 1448 2801 si
1469 2775 1634 2800 carmen
1652 2762 1887 2801 absolvas-set

205 2827 289 2853 non
312 2813 472 2854 dubitat
489 2817 660 2855 Ribbeck
788 2829 869 2867 455
900 2818 1045 2867 tepida
1063 2817 1157 2868 7²bc
1168 2817 1284 2857 Serv.
1306 2831 1315 2856 :
1346 2817 1533 2866 tepidam
1554 2814 1607 2854 M
1608 2816 1621 2838 ²
1640 2830 1648 2854 :
1692 2817 1882 2867 tepidum

204 2867 449 2918 M-’PR71a1
484 2872 670 2923 agnoscit
698 2871 814 2911 Serv.
929 2873 1093 2911 recenti
1127 2871 1213 2922 ΡὙ1
1239 2872 1426 2923 agnoscit
1455 2871 1572 2911 Serv.
1799 2871 1884 2920 456

206 2924 336 2973 pleno
357 2924 509 2963 MP2b1
528 2925 738 2965 deteriores
835 2927 1072 2976 spumantis
1093 2925 1225 2966 MPR
1244 2926 1450 2965 deteriores
1469 2926 1582 2965 Serv.
1798 2926 1881 2974 464

204 2991 304 3017 suas
326 2979 379 3017 M
398 2981 729 3019 Canonicianus:
761 2993 863 3020 suos
885 2982 998 3019 ceteri
1014 2981 1130 3021 Serv.
1151 2980 1323 3020 Ribbeck
1433 2982 1513 3030 465
1542 2992 1625 3018 om.
1641 2978 1690 3018 P.
1806 2979 1881 3018 mi·

205 3033 336 3072 rabile
353 3033 421 3072 Μι
434 3034 548 3075 Serv.
566 3034 626 3073 ad
642 3034 683 3073 ii.
700 3035 781 3085 558
856 3037 938 3087 469
967 3037 1118 3075 dextra
1131 3035 1319 3086 M1R71b
1394 3047 1471 3084 471
1504 3033 1709 3073 videbant
1727 3030 1881 3085 P7a²c1
