2014 3372
158 145 211 192 P.
252 139 552 192 VERGILI
592 143 919 192 MARONIS

157 282 381 346 proxima
417 300 647 346 quaeque
683 282 827 332 metit
862 282 1029 346 gladio
1065 285 1323 348 latumque
1357 301 1445 349 per
1480 302 1659 349 agmen

156 366 335 413 ardens
373 364 582 413 limitem
619 363 719 427 agit
754 365 896 424 ferro,
936 373 997 423 te,
1038 366 1222 425 Turne,
1261 365 1532 428 superbum

158 449 312 496 caede
349 464 480 496 nova
516 463 773 510 quaerens.
849 448 1024 507 Pallas,
1068 449 1314 508 Euander,
1355 448 1406 496 in
1443 448 1561 511 ipsis
1758 469 1836 510 515

157 527 326 577 omnia
362 537 477 577 sunt
514 527 684 587 oculis,
725 545 929 577 mensae
965 545 1089 592 quas
1125 530 1319 578 advena
1353 529 1536 593 primas

157 619 276 660 tunc
311 610 448 670 adiit,
487 611 790 673 dextraeque
826 612 984 660 datae.
1060 613 1300 660 Sulmone
1336 621 1527 661 creatos

157 702 389 756 quattuor
425 692 507 742 hic
543 692 761 753 iuvenes,
801 693 1012 742 totidem
1049 710 1175 757 quos
1212 696 1393 743 educat
1427 697 1598 755 erns,

156 775 364 825 viventis
402 775 541 838 rapit,
582 775 779 824 inferias
817 793 943 839 quos
980 776 1206 825 immolet
1242 778 1430 826 umbris

157 857 454 922 captivoque
491 857 595 921 rogi
631 859 897 921 perfundat
933 858 1173 922 sanguine
1210 861 1448 908 flammas.
1756 879 1839 920 520

156 939 274 989 inde
314 942 466 1003 Mago
502 941 676 1003 procul
712 939 958 988 infensam
996 943 1321 990 contenderat
1356 943 1563 991 hastam.

156 1021 238 1071 ille
274 1031 384 1071 astu
421 1021 567 1082 subit,
607 1031 658 1071 at
695 1022 1014 1071 tremibunda
1050 1025 1332 1086 supervolat
1368 1026 1524 1084 hasta,

156 1113 205 1153 et
241 1121 403 1168 genua
438 1106 747 1167 amplectens
784 1106 958 1153 effatur
994 1105 1110 1154 talia
1147 1108 1382 1169 supplex:

159 1189 277 1249 ‘per
312 1185 497 1248 patrios
535 1185 695 1234 manis
733 1195 782 1234 et
818 1203 931 1249 spes
969 1186 1211 1250 surgentis
1250 1186 1347 1235 Iuli

156 1277 205 1317 te
240 1285 426 1332 precor,
467 1269 598 1316 hanc
635 1267 856 1316 animam
893 1285 1055 1317 serves
1094 1277 1313 1332 natoque
1350 1269 1589 1334 patrique.
1758 1291 1836 1332 525

156 1359 230 1399 est
267 1352 447 1399 domus
485 1352 595 1410 alta,
637 1348 801 1399 iacent
837 1350 1035 1413 penitus
1074 1353 1272 1400 defossa
1307 1354 1493 1401 talenta

156 1430 331 1480 caelati
367 1430 569 1495 argenti,
610 1440 725 1480 sunt
762 1431 867 1480 auri
904 1434 1127 1495 pondera
1163 1432 1279 1481 faeti
1404 1427 1406 1431 ’

155 1512 427 1576 infectique
465 1511 601 1561 mihi.
677 1529 780 1561 non
817 1512 899 1562 hic
935 1513 1140 1562 victoria
1178 1516 1429 1563 Teucrum

155 1595 357 1644 vertitur
392 1603 477 1643 aut
513 1593 680 1643 anima
716 1612 816 1643 una
851 1595 991 1644 dabit
1028 1595 1314 1644 discrimina
1349 1600 1515 1646 tanta.’

155 1675 355 1725 dixerat.
430 1678 628 1725 Aeneas
666 1686 839 1725 contra
874 1676 955 1725 cui
991 1677 1106 1726 talia
1142 1677 1332 1726 reddit:
1759 1700 1840 1743 530

161 1757 377 1821 ‘argenti
414 1767 565 1821 atque
601 1757 706 1806 auri
743 1775 988 1807 memoras
1027 1776 1155 1822 quae
1193 1762 1349 1808 multa
1386 1763 1572 1811 talenta

156 1838 283 1887 natis
321 1856 467 1902 parce
505 1839 613 1887 tuis.
690 1839 807 1888 belli
846 1840 1146 1889 commercia
1185 1843 1384 1890 Turnus

156 1920 352 1969 sustulit
389 1920 482 1969 ista
516 1920 649 1983 prior
684 1920 783 1969 iam
821 1930 927 1969 tum
966 1924 1189 1971 Pallante
1226 1934 1497 1987 perempto.

155 2003 253 2051 hoe
290 2001 439 2065 patris
476 2002 729 2051 Anchisae
766 2019 952 2062 manes,
993 2005 1090 2052 hoc
1128 2003 1276 2052 sentit
1315 2007 1484 2054 Iulus.'

155 2082 225 2131 sic
262 2084 389 2131 fatus
425 2085 617 2146 galeam
654 2086 793 2132 laeva
829 2092 965 2132 tenet
1002 2093 1151 2147 atque
1188 2087 1367 2135 reflexa
1759 2110 1837 2152 535

160 2163 349 2213 cervice
386 2165 571 2214 orantis
609 2168 789 2229 capulo
827 2175 971 2214 tenus
1011 2166 1227 2230 applicat
1265 2185 1449 2218 ensem.

156 2263 250 2295 nec
286 2249 459 2309 procul
497 2247 857 2307 Haemonides,
901 2247 1094 2297 Phoebi
1133 2249 1429 2314 Triviaeque
1465 2254 1708 2314 sacerdos,

157 2326 311 2376 infula
347 2328 427 2377 cui
464 2346 601 2378 sacra
636 2329 901 2378 redimibat
940 2339 1165 2394 tempora
1202 2332 1335 2394 vitta,

157 2418 289 2458 totus
327 2412 597 2460 conlucens
634 2420 770 2460 veste
806 2421 956 2476 atque
996 2414 1271 2479 insignibus
1309 2419 1447 2468 albis.

158 2508 308 2554 quem
345 2508 637 2555 congressus
674 2493 773 2557 agit
811 2513 1003 2560 campo,
1047 2500 1343 2564 lapsumque
1380 2511 1662 2565 superstans
1758 2521 1839 2562 540

157 2571 383 2621 immolat
419 2573 707 2638 ingentique
744 2580 922 2628 umbra
960 2581 1091 2645 tegit,
1132 2599 1268 2631 arma
1305 2585 1527 2633 Serestus

158 2657 285 2704 lecta
321 2658 465 2705 refert
502 2659 684 2709 umeris
721 2661 824 2722 tibi,
865 2681 949 2712 rex
987 2665 1214 2724 Gradive,
1256 2674 1526 2728 tropaeum.

229 2740 512 2789 Instaurant
548 2743 679 2792 acies
718 2745 931 2794 Volcani
969 2746 1118 2810 stirpe
1155 2756 1346 2796 creatus

215 2883 405 2935 513—5543
427 2874 558 2913 MPR
670 2888 747 2924 521
772 2876 969 2916 infestam
990 2877 1115 2926 PR71
1219 2889 1300 2927 522
1330 2878 1392 2931 at]
1410 2892 1460 2918 ac
1481 2875 1621 2930 M³7²b
1641 2877 1835 2917 Ribbeck:

161 2939 215 2963 en
230 2924 320 2967 M²2
344 2940 388 2965 m
402 2927 470 2992 Ml
585 2940 665 2979 524
686 2929 925 2994 surgentis]
938 2931 1216 2984 heredisP²7¹
1236 2945 1246 2980 ;
1268 2933 1315 2983 ‘f-
1334 2933 1387 2974 iv.
1407 2946 1489 2983 274
1529 2987 1537 2995 ι
1600 2944 1680 2981 533
1701 2932 1774 2972 illa
1788 2930 1844 2971 M

160 2981 516 3086 ffssessrggsssspb
604 3050 685 3088 543
715 2997 826 3079 ir5122?a
829 2986 952 3079 αεῗξῒιε
949 2986 1133 3079 Λῗινοὸιιε
1150 3002 1159 3027 ι
1189 3000 1299 3027 a....s
1319 2987 1375 3026 P¹
1393 3003 1402 3028 ε
1434 2999 1563 3027 armis
1583 2985 1839 3040 MP²R7bc1r
