2020 3372
1334 180 1756 231 GEORGICON
1796 180 1821 227 I

151 335 323 390 arguto
359 324 576 374 coniunx
611 323 847 388 percurrit
883 322 1082 386 pectine
1118 324 1254 382 telas,

150 416 235 455 aut
271 405 430 455 dulcis
466 404 616 454 musti
650 405 878 453 Volcano
915 402 1152 466 decoquit
1188 418 1414 451 umorem
1744 422 1819 463 295

152 498 200 536 et
235 487 363 536 foliis
399 489 587 536 undam
623 485 801 549 trepidi
837 487 1100 548 despumat
1135 484 1260 533 aeni.

150 578 200 617 at
237 567 514 617 rubicunda
550 568 701 617 Ceres
738 566 906 615 medio
943 565 1213 615 succiditur
1246 574 1400 625 aestu,

152 660 200 699 et
236 650 404 699 medio
440 659 594 699 tostas
630 658 770 698 aestu
807 648 918 697 terit
953 665 1066 696 area
1102 650 1277 710 fruges.

152 733 316 780 nudus
352 749 446 790 ara,
487 748 593 779 sere
628 732 806 779 nudus.
881 729 1040 777 hiems
1077 727 1253 792 ignava
1289 730 1500 777 colono:

151 811 410 875 frigoribus
446 821 587 874 parto
623 810 866 874 agricolae
902 812 1195 873 plerumque
1231 811 1460 858 fruuntur
1745 830 1826 869 300

152 902 424 956 mutuaque
460 892 586 941 inter
622 909 675 940 se
712 892 826 940 laeti
863 890 1090 940 convivia
1126 900 1312 939 curant.

152 962 324 1022 invitat
358 973 561 1037 genialis
597 973 756 1021 hiems
792 988 1033 1035 curasque
1069 971 1280 1030 resolvit,

153 1072 244 1103 ceu
281 1071 477 1118 pressae
513 1071 629 1103 cum
665 1053 763 1102 iam
800 1062 998 1117 portum
1036 1052 1238 1115 tetigere
1274 1051 1483 1111 carinae,

152 1137 403 1200 puppibus
440 1146 489 1185 et
524 1135 639 1184 laeti
675 1145 855 1184 nautae
891 1134 1173 1197 imposuere
1209 1150 1430 1182 coronas.

153 1220 241 1267 sed
277 1228 445 1266 tamen
482 1227 530 1266 et
569 1234 780 1280 quernas
816 1218 1021 1280 glandes
1059 1225 1165 1263 tum
1203 1214 1438 1277 stringere
1476 1224 1674 1277 tempus
1747 1234 1823 1273 305

154 1310 201 1348 et
237 1299 360 1347 lauri
396 1300 543 1347 bacas
581 1300 843 1360 oleamque
879 1306 1183 1359 cruentaque
1219 1305 1388 1358 myrta,

153 1390 258 1428 tum
294 1378 495 1443 gruibus
531 1378 733 1441 pedicas
769 1387 818 1426 et
853 1377 974 1426 retia
1010 1394 1195 1440 ponere
1232 1376 1386 1425 cervis

152 1461 436 1524 auritosque
474 1460 615 1523 sequi
653 1461 861 1522 lepores,
901 1468 1008 1507 tum
1046 1460 1194 1522 figere
1231 1459 1455 1506 dammas

153 1553 362 1606 stuppea
396 1551 711 1605 torquentem
750 1540 965 1589 Balearis
1001 1540 1204 1589 verbera
1239 1541 1436 1599 fundae,

153 1635 268 1672 cum
305 1623 388 1671 nix
421 1625 520 1671 alta
554 1622 694 1682 iacet,
732 1621 939 1686 glaciem
977 1639 1089 1670 cum
1129 1620 1335 1669 flumina
1370 1622 1587 1670 trudunt.
1747 1640 1827 1678 310

222 1704 360 1767 Quid
395 1712 714 1767 tempestates
749 1702 976 1752 autumni
1012 1712 1061 1751 et
1096 1702 1256 1751 sidera
1292 1701 1470 1761 dicam,

153 1797 316 1849 atque,
355 1785 442 1835 ubi
477 1786 575 1834 iam
612 1784 904 1848 breviorque
941 1784 1047 1833 dies
1084 1794 1133 1833 et
1169 1783 1365 1832 mollior
1399 1793 1573 1842 aestas,

154 1885 282 1931 quae
316 1867 564 1932 vigilanda
599 1867 751 1916 viris?
803 1869 882 1915 vel
918 1883 1033 1915 cum
1070 1865 1165 1914 ruit
1201 1865 1508 1914 imbriferum
1544 1881 1640 1924 ver,

154 1949 318 2012 spicea
354 1948 452 1997 iam
489 1949 677 2012 campis
714 1966 829 1997 cum
866 1947 1040 1997 messis
1077 1947 1318 1997 inhorruit
1355 1957 1404 1996 et
1439 1965 1554 1996 cum

154 2033 399 2079 frumenta
433 2030 485 2078 in
520 2030 662 2079 viridi
699 2030 879 2094 stipula
914 2029 1146 2078 lactentia
1182 2032 1414 2092 turgent?
1747 2049 1822 2088 315

154 2130 302 2175 saepe
338 2129 444 2175 ego,
484 2129 599 2161 cum
636 2112 773 2159 flavis
811 2128 1079 2160 messorem
1118 2111 1375 2159 induceret
1411 2110 1537 2159 arvis

153 2193 366 2257 agricola
402 2203 450 2242 et
485 2192 640 2255 fragili
676 2192 774 2240 iam
811 2192 1066 2255 stringeret
1102 2194 1289 2240 hordea
1326 2193 1506 2251 culmo,

155 2274 324 2323 omnia
358 2284 618 2323 ventorum
656 2290 947 2322 concurrere
984 2273 1170 2336 proelia
1205 2273 1320 2332 vidi,

154 2373 281 2419 quae
317 2355 567 2418 gravidam
604 2357 700 2403 late
737 2364 954 2418 segetem
990 2355 1053 2403 ab
1090 2354 1338 2403 radicibus
1374 2354 1485 2403 imis

158 2437 422 2486 sublimem
461 2439 715 2500 expulsam
755 2446 1014 2497 eruerent3
1063 2436 1131 2484 ita
1166 2435 1362 2484 turbine
1398 2436 1537 2499 nigro
1748 2456 1825 2494 320

154 2520 297 2567 ferret
334 2518 493 2567 hiems
531 2521 852 2581 culmumque
891 2520 1051 2567 levem
1088 2518 1392 2581 stipulasque
1428 2517 1650 2566 volantis.

155 2616 302 2662 saepe
339 2599 487 2647 etiam
526 2599 827 2648 immensum
868 2601 1007 2648 caelo
1044 2598 1178 2647 venit
1213 2615 1392 2662 agmen
1427 2615 1666 2661 aquarum

155 2689 203 2728 et
239 2682 438 2728 foedam
474 2682 747 2744 glomerant
786 2689 1132 2744 tempestatem
1164 2679 1404 2728 imbribus
1440 2678 1554 2727 atris

155 2763 392 2809 collectae
429 2778 488 2809 ex
523 2763 623 2810 alto
661 2762 854 2822 nubes3
906 2762 1000 2810 ruit
1037 2763 1219 2810 arduus
1255 2762 1435 2819 aether,

212 2902 400 2938 294-322
430 2888 587 2935 MPR;
618 2901 710 2939 323,
735 2902 814 2939 324
834 2891 928 2928 MR
1174 2892 1255 2939 296
1285 2889 1439 2939 trepidi
1459 2889 1548 2939 1³²7
1567 2888 1682 2928 Serv.
1705 2889 1822 2927 schol.

157 2943 279 2982 Bern.
300 2957 308 2981 z
340 2944 519 2993 trepidis
540 2944 632 2982 MR
650 2958 657 2981 :
690 2945 822 2993 tepidi
844 2944 933 2982 Plu·
1073 2957 1153 2994 309
1184 2950 1437 2994 torquentes
1458 2944 1500 2981 R
1632 2955 1712 2992 315
1743 2943 1824 2982 lac-

158 2998 291 3035 tantia
310 2997 403 3047 7²c⁷r
422 2998 535 3037 Serv.
557 3012 566 3036 :
596 2999 772 3036 latentia
792 2998 845 3036 Μ
848 2998 890 3037 ¹:
922 2998 1123 3038 iactentia
1143 3000 1187 3037 R
1314 3000 1393 3048 318
1423 2997 1700 3048 concurrere]
1723 3011 1824 3036 con·

158 3064 335 3101 surgere
355 3053 397 3090 R
563 3065 645 3101 320
673 3051 751 3103 ita]
773 3059 819 3091 ut
839 3051 1015 3104 Madvig
1178 3066 1255 3102 321
1294 3052 1496 3104 volantis]
1520 3052 1730 3101 nigrantis
1749 3051 1806 3090 Ρ1
