2020 3372
225 158 276 204 P.
317 158 616 206 VERGILI
656 157 980 206 MARONIS

327 313 419 345 nec
454 295 667 345 lacrimis
705 296 917 344 crudelis
955 298 1112 344 Amor
1147 312 1240 345 nec
1277 296 1498 360 gramina
1533 295 1646 345 rivis

326 394 420 426 nec
456 377 611 440 cytiso
650 385 927 425 saturantur
963 393 1081 439 apes
1119 393 1212 426 nec
1248 378 1424 425 fronde
1461 378 1710 439 capellae.'
1771 391 1775 394 ⁴
1844 397 1896 436 30

325 458 474 508 tristis
510 468 561 507 at
598 458 680 506 ille
721 461 918 506 ‘tamen
957 457 1233 517 cantabitis,
1273 459 1493 506 Arcades
1514 460 1524 480 ²
1561 457 1721 521 inquit

330 546 341 567 ‘
360 540 613 590 montibus
651 542 776 589 haec
812 539 997 599 vestris,
1039 539 1131 588 soli
1167 549 1365 588 cantare
1401 538 1543 603 periti

325 625 557 672 Arcades.
634 641 665 673 o
701 623 824 671 mihi
860 633 965 672 tum
1004 641 1154 687 quam
1192 623 1404 672 molliter
1440 640 1552 672 ossa
1588 622 1860 686 quiescant,

324 715 484 755 vestra
520 723 659 755 meos
697 706 815 755 olim
854 706 893 755 si
930 708 1094 755 fistula
1130 705 1263 754 dicat
1297 708 1524 753 amores!

323 797 472 850 atque
509 788 699 836 utinam
738 805 797 836 ex
832 787 974 836 vobis
1011 804 1140 835 unus
1177 785 1422 849 vestrique
1459 785 1662 834 fuissem
1843 806 1893 844 35

323 880 408 918 aut
443 880 609 919 custos
647 869 804 932 gregis
841 878 925 917 aut
962 878 1182 917 maturae
1218 867 1398 916 vinitor
1434 870 1592 916 uvae!

324 962 455 1001 certe
493 952 594 1001 sive
631 951 753 1000 mihi
791 951 976 1014 Phyllis
1015 951 1116 1000 sive
1154 960 1283 1000 esset
1320 953 1577 1013 Amyntas,

325 1051 412 1082 seu
450 1033 752 1096 quicumque
790 1034 923 1081 furor
961 1031 1104 1098 (quid
1140 1041 1261 1091 tum,
1301 1030 1342 1079 si
1377 1033 1543 1079 fuscus
1581 1031 1864 1092 Amyntas?

325 1125 373 1164 et
409 1114 574 1178 nigrae
611 1114 769 1163 violae
808 1123 922 1163 sunt
959 1123 1007 1162 et
1042 1112 1266 1162 vaccinia
1301 1111 1474 1176 nigra),

325 1215 524 1247 mecum
561 1197 687 1246 inter
726 1196 898 1245 salices
936 1198 1070 1244 lenta
1107 1196 1199 1244 sub
1235 1194 1334 1242 vite
1370 1194 1550 1242 iaceret
1567 1212 1580 1254 3
1843 1212 1895 1251 40

325 1289 453 1328 serta
488 1278 611 1326 mihi
650 1278 835 1341 Phyllis
873 1279 1068 1341 legeret,
1110 1285 1328 1324 cantaret
1365 1278 1620 1337 Amyntas.

323 1360 405 1409 hic
441 1359 590 1423 gelidi
627 1361 804 1419 fontes,
845 1358 927 1406 hic
964 1357 1134 1406 mollia
1171 1366 1323 1420 prata,
1364 1355 1556 1419 Lycori‚

323 1441 405 1490 hic
441 1458 652 1501 nemus3
687 1440 769 1488 hic
806 1439 915 1502 ipso
953 1448 1119 1487 tecum
1156 1454 1474 1487 consumerer
1508 1453 1644 1485 aevo.

325 1540 459 1572 nunc
495 1522 698 1571 insanus
736 1538 875 1570 amor
913 1519 1023 1569 duri
1060 1536 1141 1568 me
1180 1518 1354 1567 Martis
1391 1518 1442 1566 in
1478 1517 1626 1566 armis

324 1608 422 1654 tela
457 1605 582 1653 inter
618 1604 784 1653 media
820 1612 969 1666 atque
1005 1604 1239 1651 adversos
1276 1599 1465 1649 detinet
1500 1598 1669 1647 hostis.
1842 1619 1895 1659 45

324 1697 378 1736 tu
414 1688 587 1750 procul
623 1703 652 1734 a
688 1684 845 1748 patria
884 1684 998 1748 (nec
1035 1683 1097 1732 sit
1134 1682 1257 1731 mihi
1294 1683 1492 1730 credere
1529 1678 1744 1745 tantum)

324 1768 531 1832 Alpinas
567 1786 609 1828 a,
650 1769 785 1827 dura,
827 1766 964 1814 nives
1003 1774 1053 1813 et
1089 1764 1269 1827 frigora
1307 1762 1475 1811 Rheni

325 1869 405 1900 me
442 1851 547 1899 sine
584 1852 689 1899 sola
724 1849 874 1898 vides.
939 1865 981 1907 a,
1021 1857 1070 1896 te
1107 1864 1170 1895 ne
1207 1845 1384 1908 frigora
1419 1845 1648 1892 laedant!

324 1951 366 1992 a,
405 1932 495 1980 tibi
532 1948 595 1980 ne
631 1940 824 1979 teneras
862 1928 1043 1992 glacies
1081 1936 1215 1977 secet
1251 1943 1423 1989 aspera
1458 1927 1681 1988 plantas!

325 2014 409 2063 ibo
446 2023 494 2062 et
532 2011 823 2063 Chalcidico
862 2028 990 2074 quae
1028 2019 1142 2058 sunt
1179 2008 1301 2056 mihi
1338 2007 1540 2056 condita
1575 2022 1717 2054 versu
1845 2025 1897 2065 50

330 2095 543 2145 carmina
578 2093 787 2159 pastoris
827 2092 979 2141 Siculi
1017 2091 1315 2140 modulabor
1339 2106 1507 2137 avena.

325 2187 513 2227 certum
550 2186 623 2225 est
659 2175 710 2223 in
748 2175 879 2224 silvis
917 2174 1044 2222 inter
1081 2174 1278 2235 spelaea
1313 2173 1524 2219 ferarum

326 2261 472 2307 malle
507 2258 610 2321 pati
647 2256 928 2319 tenerisque
969 2271 1108 2303 meos
1145 2252 1364 2301 incidere
1399 2267 1592 2299 amores

324 2339 609 2389 arboribus:
647 2347 868 2387 crescent
905 2337 1030 2396 illae,
1072 2333 1314 2392 crescetis,
1353 2348 1558 2380 amores.

325 2422 511 2470 interea
547 2420 708 2468 mixtis
746 2420 965 2468 lustrabo
1006 2418 1240 2466 Maenala
1273 2412 1532 2477 Nymphis,
1845 2431 1894 2470 55

325 2514 409 2553 aut
444 2504 567 2552 acris
604 2503 823 2552 venabor
861 2518 1019 2565 apros.
1097 2516 1200 2548 non
1237 2514 1318 2546 me
1355 2498 1454 2544 ulla
1489 2494 1727 2543 vetabunt

325 2587 502 2649 frigora
538 2584 828 2634 Parthenios
869 2582 1075 2632 canibus
1115 2580 1419 2629 circumdare
1457 2578 1621 2625 saltus.

326 2668 423 2717 iarn
461 2668 582 2716 mihi
617 2685 704 2731 per
741 2682 886 2729 rupes
924 2664 1095 2712 videor
1131 2664 1371 2723 lucosque
1408 2655 1628 2707 sonantis

326 2751 408 2810 ire,
447 2751 568 2799 libet
607 2751 790 2798 Partho
828 2757 1057 2809 torquere
1095 2742 1323 2806 Cydonia
1359 2757 1514 2789 cornu

328 2832 843 2896 spicula-tamquam
869 2830 992 2876 haec
1019 2825 1080 2874 sit
1107 2823 1260 2873 nostri
1287 2821 1535 2871 medicina
1559 2818 1748 2877 furoris,
1844 2826 1898 2866 60

280 2967 417 3015 29-60
438 2964 569 3004 MPR
792 2973 847 3009 29
877 2958 980 3008 ripis
999 2957 1050 2995 M
1054 2956 1066 2979 ¹
1178 2968 1230 3005 32
1263 2954 1420 2994 nostris
1441 2950 1540 2989 P¹b¹
1653 2962 1705 2998 40
1734 2948 1899 2986 iaceres

226 3019 376 3070 ΜΡΙὝ1
549 3030 604 3068 59
634 3014 849 3066 Cydonia]
875 3013 1114 3051 Rhodonea
1135 3010 1202 3048 Μι
1370 3009 1425 3045 60
1453 3007 1539 3044 sint
1559 3004 1613 3043 M
