2014 3372
214 142 266 189 P.
307 142 606 191 VERGILI
646 143 972 193 MARONIS

212 291 415 345 pectora
449 283 623 345 plausa
655 281 787 331 cavis
825 291 874 331 et
910 284 1053 331 colla
1074 281 1326 332 comantia
1360 294 1578 348 pectunt.

212 362 319 426 ipse
356 362 540 412 dehinc
575 379 696 411 auro
733 364 1045 426 squalentem
1081 364 1299 428 alboque
1336 364 1584 415 orichalco

211 444 486 494 circumdat
522 444 727 494 loricam
763 445 961 506 umeris,
1002 445 1148 495 simul
1184 455 1320 510 aptat
1356 448 1592 496 habendo

214 543 486 589 ensemque
523 526 840 590 clipeumque
877 535 926 576 et
962 528 1137 576 rubrae
1174 545 1361 576 cornua
1397 528 1584 588 cristae,

209 624 380 656 ensem
418 625 568 671 quem
608 610 791 657 Dauno
829 608 1112 672 ignipotens
1150 611 1273 658 deus
1312 609 1418 672 ipse
1454 609 1645 673 parenti
1830 630 1885 672 90

209 691 392 738 fecerat
429 699 477 738 et
514 689 680 753 Stygia
716 692 1017 739 candentem
1054 690 1263 740 tinxerat
1299 693 1446 740 unda.

208 771 337 820 exim
374 788 502 834 quae
540 771 717 821 mediis
754 772 944 837 ingenti
978 773 1160 822 adnixa
1197 775 1460 823 columnae

207 852 417 902 aedibus
453 853 659 913 astabat,
701 853 918 903 validam
954 854 1004 903 vi
1041 854 1240 918 corripit
1277 856 1485 915 hastam,

207 934 406 984 Actoris
443 935 668 985 Aurunci
705 935 935 999 spolium,
975 945 1276 1000 quassatque
1312 945 1606 985 trementem

206 1016 513 1066 vociferans:
561 1021 737 1078 ‘nunc,
777 1035 808 1067 o
845 1035 1122 1081 numquam
1158 1020 1386 1067 frustrata
1422 1027 1625 1067 vocatus
1829 1038 1881 1080 95

206 1099 348 1147 hasta
385 1115 539 1158 meos,
579 1116 714 1148 nunc
751 1108 955 1163 tempus>
984 1101 1156 1149 adest:
1200 1108 1249 1148 te
1286 1099 1530 1147 maximus
1567 1102 1735 1160 Actor,

206 1190 255 1229 te
292 1180 450 1229 Turni
485 1198 621 1230 nunc
657 1183 829 1231 dextra
864 1181 987 1246 gerit
1005 1200 1019 1242 3
1061 1183 1127 1231 da
1162 1190 1378 1231 sternere
1415 1197 1593 1245 corpus

206 1263 512 1327 loricamque
549 1281 701 1312 manu
737 1263 902 1313 valida
939 1266 1153 1313 lacerare
1190 1266 1436 1313 revulsam

207 1345 421 1394 semiviri
459 1345 663 1408 Phrygis
702 1354 751 1394 et
788 1346 990 1394 foedare
1026 1345 1078 1393 in
1115 1347 1317 1409 pulvere
1355 1344 1502 1393 crinis

205 1427 422 1476 vibratos
460 1427 623 1476 calido
660 1429 787 1476 ferro
825 1444 1089 1491 murraque
1127 1426 1404 1476 madentis.’
1801 1444 1882 1474 100

205 1510 282 1558 his
319 1509 477 1572 agitur
513 1508 662 1568 furiis,
703 1518 911 1572 totoque
947 1509 1166 1558 ardentis
1203 1510 1268 1558 ab
1306 1526 1390 1557 ore

207 1591 447 1640 scintillae
483 1590 743 1650 absistunt,
785 1591 942 1640 oculis
979 1590 1129 1639 micat
1165 1589 1359 1639 acribus
1396 1589 1550 1653 ignis:

207 1672 423 1736 mugitus
460 1671 613 1720 veluti
650 1689 763 1720 cum
801 1671 961 1735 prima
996 1671 1048 1719 in
1084 1671 1271 1735 proelia
1307 1680 1473 1719 taurus

206 1754 443 1803 terrificos
481 1753 577 1802 ciet
613 1762 765 1817 atque
802 1753 945 1802 irasci
981 1752 1033 1801 in
1070 1769 1258 1802 cornua
1294 1761 1502 1816 temptat

205 1835 391 1885 arboris
429 1835 642 1884 obnixus
679 1844 870 1895 trunco,
910 1844 1186 1897 ventosque
1222 1834 1417 1883 lacessit
1803 1851 1877 1892 105

204 1918 384 1966 ictibus
420 1925 506 1965 aut
542 1933 710 1979 sparsa
745 1918 810 1965 ad
845 1932 1064 1979 pugnam
1102 1916 1321 1978 proludit
1357 1917 1552 1963 harena.

275 2001 385 2047 Nec
420 1996 584 2045 minus
621 1997 809 2045 interea
845 1996 1078 2045 maternis
1116 2013 1290 2045 saevus
1326 1996 1378 2043 in
1414 1995 1562 2043 armis

205 2081 403 2128 Aeneas
440 2078 572 2127 acuit
611 2080 826 2127 Martem
865 2087 913 2127 et
950 2094 1002 2126 se
1039 2077 1242 2126 suscitat
1279 2077 1361 2137 ira,

205 2161 375 2209 oblato
411 2160 635 2223 gaudens
673 2159 910 2222 componi
946 2160 1148 2208 foedere
1180 2159 1386 2207 bellum.

203 2247 311 2287 tum
349 2237 511 2286 socios
548 2237 824 2300 maestique
863 2245 1052 2285 metum
1091 2238 1276 2286 solatur
1315 2235 1412 2284 Iuli
1801 2253 1880 2282 110

203 2323 304 2369 fata
339 2322 542 2379 docens,
582 2319 782 2383 regique
819 2318 958 2368 iubet
994 2336 1233 2383 responsa
1269 2317 1449 2366 Latino

205 2411 338 2451 certa
373 2403 550 2450 referre
587 2400 715 2450 viros
753 2409 802 2449 et
838 2400 974 2464 pacis
1012 2400 1177 2449 dicere
1213 2401 1359 2462 leges.

273 2486 477 2532 Postera
512 2482 591 2531 vix
628 2498 851 2531 summos
889 2483 1150 2546 spargebat
1186 2480 1374 2530 lumine
1410 2478 1592 2528 montis

204 2574 310 2614 orta
346 2564 466 2624 dies,
506 2581 621 2612 cum
658 2564 873 2627 primum
909 2566 1009 2612 alto
1047 2580 1099 2611 se
1134 2562 1322 2626 gurgite
1359 2562 1538 2609 tollunt

206 2645 332 2694 Solis
370 2644 485 2708 equi
522 2646 787 2707 lucemque
824 2644 963 2693 elatis
1001 2643 1201 2692 naribus
1239 2644 1434 2691 efflant:
1795 2657 1869 2698 115

205 2743 437 2790 campum
474 2727 539 2775 ad
577 2735 826 2775 certamen
863 2742 1071 2789 magnae
1108 2725 1202 2773 sub
1239 2723 1501 2773 moenibus
1538 2719 1672 2770 urbis

260 2856 396 2904 86-92
437 2854 530 2892 MR
546 2868 556 2903 ;
614 2856 779 2904 93-116
818 2853 949 2892 MPR
1207 2866 1260 2903 92
1291 2852 1486 2890 columna
1523 2849 1594 2901 7b¹
1632 2847 1875 2887 Arusianus

205 2912 258 2961 96
287 2909 351 2960 te]
372 2923 457 2948 non
481 2910 644 2948 mavult
661 2909 831 2948 Ribbeck
990 2921 1068 2946 100
1097 2907 1291 2946 cadentis
1309 2906 1395 2957 P7¹
1557 2916 1633 2943 102
1663 2902 1873 2941 exsistunt

205 2964 290 3003 Ra¹
454 2977 532 3014 103
562 2965 739 3014 primam
760 2962 823 3001 Μι
846 2978 853 3002 :
885 2963 1066 3014 primum
1087 2962 1130 3000 R
1302 2974 1377 3010 104
1411 2957 1562 3010 atque]
1590 2961 1661 2996 aut
1682 2955 1872 2995 M2PRb¹

212 3034 228 3058 1
241 3032 288 3069 13
311 3032 476 3058 summo
498 3017 572 3058 Mb
