2014 3372
1351 141 1708 191 AENEIDOS
1746 141 1820 188 XI

163 297 312 345 quam
348 280 532 330 debere
566 278 718 329 vides,
793 277 978 328 meritis
1014 287 1155 328 vacat
1191 277 1272 327 hic
1308 277 1397 328 tibi
1433 280 1566 328 solus

161 363 485 425 fortunaeque
520 362 670 410 locus.
745 376 847 408 non
884 359 1013 409 vitae
1049 359 1229 423 gaudia
1265 376 1462 423 quaero,

161 459 253 491 nec
289 445 375 503 fas,
415 443 503 491 sed
538 451 655 491 nato
691 440 849 490 manis
886 443 1098 504 perferre
1134 442 1226 490 sub
1262 441 1420 490 imos.'

227 526 419 572 Aurora
452 523 638 572 interea
672 521 860 571 miseris
898 521 1184 570 mortalibus
1220 523 1401 570 almam

160 606 395 653 extulerat
431 606 593 653 lucem
629 605 842 653 referens
878 620 1028 666 opera
1061 612 1211 666 atque
1246 603 1467 652 labores:

160 685 257 734 iam
294 695 431 748 pater
466 687 677 745 Aeneas,
716 685 815 734 iam
853 701 1004 733 curvo
1040 683 1091 732 in
1128 684 1269 733 litore
1305 686 1536 733 Tarchon

145 767 456 816 constituere
491 784 644 831 pyras.
717 768 815 815 huc
851 783 1056 830 corpora
1092 766 1300 830 quisque
1336 783 1535 815 suorum

160 866 295 898 more
332 850 485 898 tulere
520 857 727 912 patrum,
768 847 1102 911 subiectisque
1139 847 1334 911 ignibus
1370 846 1484 896 atris

158 930 388 979 conditur
423 930 474 978 in
510 930 737 979 tenebras
773 931 927 978 altum
964 928 1172 992 caligine
1208 931 1412 978 caelum.

159 1020 230 1060 ter
266 1011 449 1060 circum
485 1029 721 1060 accensos
758 1011 907 1060 cincti
942 1010 1241 1075 fulgentibus
1277 1009 1424 1059 armis
1494 1077 1498 1078 ⁷

159 1096 415 1143 decurrere
450 1110 606 1157 rogos,
646 1102 718 1141 ter
755 1102 997 1141 maestum
1034 1092 1216 1142 funeris
1253 1092 1418 1155 ignem

158 1176 421 1223 lustravere
457 1173 507 1222 in
545 1172 683 1236 equis
721 1175 1035 1236 ululatusque
1072 1190 1156 1222 ore
1193 1174 1387 1221 dedere.

158 1256 396 1319 spargitur
432 1265 480 1304 et
517 1258 659 1305 tellus
696 1254 921 1315 lacrimis,
963 1264 1254 1319 sparguntur
1290 1263 1338 1304 et
1374 1271 1521 1315 arma,

157 1335 194 1384 it
230 1339 367 1386 caelo
405 1339 688 1400 clamorque
725 1336 882 1384 virum
920 1339 1219 1400 clangorque
1256 1337 1498 1385 tubarum.

157 1417 237 1466 hic
273 1417 354 1466 alii
392 1418 547 1481 spolia
584 1417 758 1467 occisis
796 1419 1000 1479 derepta
1036 1416 1224 1466 Latinis

156 1497 408 1546 coniciunt
443 1497 555 1561 igni,
595 1500 756 1562 galeas
793 1497 1024 1561 ensisque
1061 1499 1268 1546 decoros

155 1580 390 1641 frenaque
426 1578 754 1641 ferventisque
791 1587 951 1639 rotas;
998 1594 1108 1641 pars
1144 1595 1348 1627 munera
1384 1586 1513 1636 nota,

155 1658 373 1722 ipsorum
410 1659 594 1723 clipeos
630 1668 679 1708 et
713 1675 816 1707 non
851 1658 1012 1707 felicia
1046 1659 1154 1707 tela.

157 1741 312 1788 multa
349 1741 502 1788 boum
541 1739 669 1788 circa
704 1748 981 1787 mactantur
1016 1756 1221 1802 corpora
1258 1739 1422 1798 Morti,

155 1820 517 1884 saetigerosque
553 1836 665 1868 sues
701 1828 960 1882 raptasque
996 1836 1055 1868 ex
1091 1819 1321 1868 omnibus
1357 1818 1481 1882 agris

154 1899 206 1947 in
241 1902 492 1949 flammam
531 1899 751 1964 iugulant
787 1900 1017 1962 pecudes.
1091 1908 1196 1947 tum
1232 1898 1372 1948 litore
1408 1909 1514 1947 toto

153 1981 368 2030 ardentis
406 1990 630 2045 spectant
665 1980 827 2029 socios
863 1989 1178 2042 semustaque
1215 1988 1407 2029 servant

154 2062 310 2121 busta,
351 2080 513 2125 neque
549 2061 692 2111 avelli
729 2070 936 2124 possunt
971 2077 1070 2110 nox
1105 2060 1275 2110 umida
1309 2062 1470 2110 donec

154 2142 347 2192 invertit
383 2146 575 2193 caelum
614 2143 765 2193 stellis
801 2142 1088 2192 ardentibus
1123 2152 1306 2205 aptum.

222 2226 329 2273 Nec
366 2225 528 2274 minus
565 2235 614 2274 et
650 2223 815 2273 miseri
854 2223 1044 2274 diversa
1078 2223 1130 2271 in
1165 2233 1301 2286 parte
1338 2223 1500 2272 Latini

153 2304 434 2355 innumeras
473 2316 684 2357 struxere
722 2325 879 2373 pyras,
921 2316 970 2356 et
1004 2323 1209 2370 corpora
1245 2305 1421 2369 partim

154 2389 308 2435 multa
343 2387 499 2436 virum
536 2397 689 2438 terrae
726 2389 988 2447 infodiunt,
1027 2397 1296 2450 avectaque
1331 2388 1507 2450 partim

153 2467 387 2516 finitimos
424 2470 602 2516 tollunt
638 2468 689 2516 in
724 2485 865 2531 agros
902 2469 1110 2531 urbique
1146 2467 1430 2529 remittunt,

152 2556 313 2596 cetera
348 2550 683 2611 confusaeque
718 2548 969 2611 ingentem
1007 2547 1172 2597 caedis
1207 2565 1436 2598 acervum

152 2643 245 2676 nec
281 2645 486 2677 numero
522 2645 615 2678 nec
651 2630 839 2678 honore
876 2637 1124 2678 cremant:
1179 2637 1297 2677 tunc
1333 2628 1554 2691 undique
1591 2628 1712 2678 vasti

151 2707 373 2756 certatim
409 2708 590 2757 crebris
626 2711 891 2758 conlucent
926 2709 1123 2772 ignibus
1158 2708 1272 2772 agri.

150 2787 291 2837 tertia
326 2791 407 2837 lux
441 2789 654 2852 gelidam
690 2791 827 2839 caelo
863 2789 1135 2839 dimoverat
1170 2791 1426 2839 umbram:

151 2879 424 2919 maerentes
459 2872 613 2919 altum
650 2870 865 2921 cinerem
901 2880 950 2920 et
985 2873 1191 2920 confusa
1225 2872 1432 2921 ruebant

1746 368 1823 408 180

1744 773 1820 827 185

1743 1191 1822 1234 190

1739 1595 1816 1639 Ι95

1738 1999 1816 2028 200

1738 2409 1813 2450 205

1734 2809 1813 2838 210

211 3010 390 3047 179-211
414 2998 545 3039 MPR
765 3014 842 3051 179
871 3001 1035 3041 meritis
1055 3032 1065 3042 .
1091 3032 1100 3043 .
1127 3033 1136 3043 .
1165 3003 1236 3041 181
1262 3002 1377 3041 uncis
1395 3000 1561 3040 secludit
1578 2999 1747 3041 Ribbeck
