2014 3372
1348 147 1710 197 AENEIDOS
1746 148 1794 193 V

121 289 242 336 dum
277 287 433 336 variis*
456 288 650 336 tumulo
685 288 902 336 referunt
937 286 1200 336 sollemnia
1234 285 1378 345 ludis,

122 369 241 417 Irim
278 371 342 417 de
377 370 516 417 caelo
552 367 684 417 misit
721 367 950 417 Saturnia
987 370 1118 416 Iuno

123 449 326 498 Iliacam
362 451 428 498 ad
464 451 671 498 classem
708 458 983 511 ventosque
1018 448 1200 512 aspirat
1236 447 1387 508 eunti,

122 532 277 578 multa
312 547 519 579 movens
555 531 773 578 necdum
809 529 1072 592 antiquum
1110 538 1326 578 saturata
1361 530 1600 578 dolorem.

121 610 204 658 illa
237 610 366 659 viam
404 613 745 673 celerans-:per
780 609 915 658 mille
952 609 1202 658 coloribus
1238 627 1407 659 arcum

122 692 243 740 nulli
278 691 382 741 visa
418 692 516 741 cito
553 691 766 741 decurrit
802 691 995 740 tramite
1031 691 1179 756 virgo.

122 773 365 837 conspicit
400 774 651 836 ingentem
690 790 985 822 concursum
1023 783 1072 822 et
1108 773 1251 822 litora
1286 775 1459 822 lustrat

122 856 443 917 desertosque
478 854 612 903 videt
649 863 818 917 portus
855 856 1164 917 classemque
1201 854 1434 903 relictam.

122 944 172 983 at
206 937 379 998 procul
414 935 465 983 in
503 938 607 984 sola
643 945 859 984 secretae
893 937 1116 984 Troades
1152 945 1263 984 acta

122 1017 359 1066 amissum
396 1017 652 1066 Anchisen
690 1019 890 1077 flebant,
931 1027 1240 1081 cunctaeque
1277 1019 1580 1080 profundum

124 1111 334 1165 pontum
370 1103 691 1165 aspectabant
728 1105 916 1152 flentes.
992 1105 1091 1152 heu
1127 1113 1201 1152 tot
1237 1105 1364 1152 vada
1401 1101 1540 1151 fessis

124 1192 173 1231 et
209 1192 400 1231 tantum
438 1201 694 1246 superesse
731 1184 890 1244 maris,
927 1201 1022 1232 vox
1059 1184 1293 1233 omnibus
1330 1201 1441 1232 una.

124 1266 298 1313 urbem
335 1274 488 1324 orant,
529 1267 694 1314 taedet
732 1265 893 1327 pelagi
931 1267 1142 1327 perferre
1179 1266 1413 1313 laborem.

125 1362 240 1409 ergo
275 1346 402 1394 inter
438 1346 627 1395 medias
665 1363 773 1395 sese
810 1348 946 1395 haud
984 1346 1152 1410 ignara
1189 1345 1405 1395 nocendi

125 1426 307 1480 conicit
343 1436 391 1475 et
426 1427 704 1490 faciemque
742 1429 866 1476 deae
905 1437 1195 1490 vestemque
1232 1427 1426 1491 reponit
1442 1445 1456 1487 ;

126 1509 180 1556 fit
216 1511 387 1566 Beroe,
424 1508 611 1556 Tmarii
650 1508 868 1557 coniunx
908 1510 1147 1572 longaeva
1186 1508 1400 1571 Dorycli,

126 1587 205 1636 cui
241 1605 394 1651 genus
431 1598 480 1636 et
515 1591 772 1651 quondam
812 1606 997 1638 nomen
1036 1589 1238 1652 natique
1274 1589 1493 1649 fuissent,

125 1685 183 1717 ac
219 1668 289 1716 sic
327 1669 672 1718 Dardanidum
711 1669 928 1719 mediam
968 1687 1020 1718 se
1058 1670 1296 1718 matribus
1333 1669 1489 1718 infert.

130 1753 188 1797 ‘o
225 1749 444 1809 miserae,
485 1768 606 1813 quas
644 1768 747 1799 non
786 1753 990 1799 manus'
1028 1750 1189 1813 inquit
1228 1750 1467 1799 ‘Achaica
1501 1751 1634 1799 bello

127 1830 322 1880 traxerit
358 1832 423 1879 ad
459 1833 613 1880 letum
650 1831 836 1894 patriae
875 1832 968 1880 sub
1006 1832 1300 1881 moenibus!
1342 1849 1374 1881 o
1409 1848 1529 1895 gens

126 1910 308 1971 infelix,
349 1911 428 1960 cui
465 1921 513 1961 te
550 1912 698 1961 exitio
738 1916 956 1961 Fortuna
992 1916 1240 1963 reservat?

127 1991 336 2054 septima
370 2003 484 2055 post
516 1994 695 2043 Troiae
733 1994 980 2043 excidium
1018 1995 1116 2043 iam
1153 1994 1354 2043 vertitur
1389 2003 1562 2054 aestas,

128 2089 242 2121 cum
278 2076 412 2134 freta,
452 2092 567 2123 cum
604 2085 754 2124 terras
793 2075 970 2135 omniS,
1011 2085 1083 2124 tot
1120 2075 1370 2138 inhospita
1405 2092 1519 2124 saxa

130 2153 389 2218 sideraque
427 2173 659 2205 emensae
695 2156 908 2216 ferimur,
949 2158 1071 2205 dum
1108 2174 1195 2220 per
1230 2174 1364 2206 mare
1400 2173 1635 2220 magnum

130 2235 324 2284 Italiam
361 2238 613 2300 sequimur
648 2239 919 2302 fugientem
958 2248 1006 2287 et
1042 2239 1283 2287 volvimur
1319 2239 1477 2288 undis.

127 2317 208 2365 hic
246 2319 415 2381 Erycis
451 2322 575 2369 fines
611 2321 809 2369 fraterni
845 2330 994 2384 atque
1030 2323 1211 2384 hospes
1248 2324 1482 2370 Acestes:

129 2398 238 2461 quis
274 2400 504 2462 prohibet
541 2419 708 2451 muros
746 2402 905 2450 iacere
942 2411 990 2450 et
1027 2404 1144 2450 dare
1180 2401 1369 2450 civibus
1405 2401 1616 2450 urbem?

129 2497 160 2528 o
196 2481 350 2544 patria
386 2492 434 2531 et
470 2484 595 2547 rapti
631 2483 935 2547 nequiquam
973 2501 1032 2533 ex
1067 2486 1210 2532 hoste
1246 2492 1462 2546 penates,

130 2564 329 2612 nullane
364 2563 462 2613 iam
496 2565 675 2614 Troiae
711 2565 938 2614 dicentur
975 2564 1209 2613 moenia?
1250 2580 1496 2627 nusquam

133 2648 412 2695 Hectoreos
448 2647 620 2707 amnis,
658 2650 916 2696 Xanthum
954 2657 1003 2697 et
1040 2647 1307 2706 Simoenta,
1347 2645 1567 2694 videbo?

131 2728 251 2791 quin
287 2729 415 2792 agite
452 2739 501 2778 et
537 2747 733 2779 mecum
771 2730 1007 2779 infaustas
1046 2730 1230 2779 exurite
1267 2727 1460 2791 puppis,

1713 294 1793 346 605

1717 699 1799 739 610

1720 1107 1799 1159 615

1721 1517 1802 1557 620

1723 1920 1800 1972 625

1724 2327 1804 2379 630

1722 2734 1800 2785 635
1857 2761 1859 2763 ·

184 2864 374 2913 605-635
397 2862 527 2902 MPR
620 2864 701 2912 609
722 2863 939 2902 celebrans
957 2862 1008 2900 M
1012 2861 1041 2911 ι;
1063 2862 1108 2912 qfi
1134 2862 1186 2901 iv,
1206 2862 1284 2909 641
1371 2860 1450 2898 611
1474 2870 1721 2898 consessum
1735 2856 1788 2895 M
1791 2859 1801 2879 ¹

131 2918 214 2957 620
241 2917 420 2969 Tmarii]
444 2918 606 2957 Ismarii
627 2916 833 2956 detem‘ores
851 2917 1025 2966 quidam
1044 2930 1053 2954 :
1085 2915 1227 2954 Martii
1247 2913 1426 2954 Kloul‘ek
1536 2913 1619 2952 628
1640 2911 1799 2964 sidera]

132 2971 256 3010 litora
276 2972 455 3012 Kloub‘ek
618 2973 696 3021 631
731 2972 802 3022 qui
824 2971 890 3009 Ml
910 2985 918 3009 ε
949 2970 1051 3020 quid
1072 2970 1135 3008 Rc
1151 2970 1297 3020 Hemgy
