2014 3372
1365 116 1727 201 AENEIDos
1761 150 1811 196 x

149 299 317 350 tertius
352 299 434 348 ille
468 297 727 347 hominurn
766 294 1037 356 divumque
1074 292 1313 355 interpres
1349 290 1526 350 Asilas,
1740 304 1817 348 175

148 382 230 431 cui
264 382 514 445 pecudum
542 379 714 437 fibrae,
754 376 877 425 caeli
913 375 993 424 cui
1030 374 1190 423 sidera
1224 382 1397 436 parent

150 473 199 513 et
233 463 428 525 linguae
464 461 720 508 volucrum
757 466 805 506 et
841 454 1061 520 praesagi
1097 453 1316 502 fulminis
1352 453 1504 516 ignes,

151 544 285 593 mille
321 541 445 605 rapit
481 543 663 590 densos
699 538 806 587 acie
841 546 991 600 atque
1027 534 1341 584 horrentibus
1376 533 1543 583 hastis.

151 624 242 671 hos
278 637 446 685 parere
482 620 657 668 iubent
690 619 916 680 Alpheae
952 618 1015 665 ab
1053 616 1239 679 origine
1277 617 1431 676 Pisae,

156 703 273 751 urbs
311 705 518 750 Etrusca
553 702 673 749 solo.
747 698 967 762 sequitur
1000 698 1358 762 pulcherrimus
1394 701 1553 761 Astyr,
1745 705 1823 744 180

155 786 302 846 Astyr
337 799 467 846 equo
502 783 662 830 fidens
698 790 748 829 et
782 779 1157 829 versicoloribus
1193 780 1352 828 armis.

127 857 226 912 'ter
260 873 461 912 centum
497 862 719 911 adiciunt
756 862 918 926 (mens
955 861 1188 909 omnibus
1226 878 1326 908 una
1361 859 1624 924 sequendi)

154 945 239 1009 qui
276 947 482 996 Caerete
517 946 684 1003 domo,
724 943 810 1006 qui
846 952 960 991 sunt
998 942 1237 991 Minionis
1274 942 1325 990 in
1360 942 1498 1001 arvis,

154 1037 203 1076 et
240 1027 382 1090 Pyrgi
416 1036 604 1075 veteres
641 1025 1067 1089 intempestaeque
1105 1026 1382 1076 Graviscae.

226 1111 343 1158 Non
379 1125 470 1172 ego
506 1117 567 1166 te,
610 1107 844 1170 Ligurum
881 1110 1056 1157 ductor
1091 1107 1353 1157 fortissime
1390 1108 1534 1166 bello,
1747 1116 1823 1167 185

157 1188 444 1247 transierim,
483 1188 740 1250 †Cinyre†,
780 1197 828 1236 et
863 1189 1032 1251 paucis
1068 1188 1302 1237 comitate
1338 1190 1557 1252 Cupavo,

159 1271 298 1319 cuius
336 1270 554 1319 olorinae
592 1278 795 1332 surgunt
829 1271 894 1318 de
928 1269 1109 1318 vertice
1144 1286 1342 1332 pennae

162 1351 381 1416 (crimen,
421 1354 589 1409 Amor,
629 1349 865 1414 vestrum)
901 1352 1188 1414 formaeque
1224 1351 1414 1414 insigne
1450 1360 1695 1414 paternae.

161 1450 377 1496 namque
412 1435 574 1481 ferunt
608 1434 744 1481 luctu
781 1434 1007 1495 Cycnum
1044 1433 1367 1482 Phaethontis
1402 1432 1565 1493 amati,
1859 1489 1864 1492 .

159 1516 395 1577 populeas
432 1513 558 1562 inter
592 1515 792 1562 frondes
828 1514 1156 1576 umbramque
1192 1530 1414 1562 sororum
1748 1532 1825 1573 190

158 1597 279 1645 dum
315 1594 446 1644 canit
483 1604 532 1643 et
569 1603 812 1642 maestum
850 1611 991 1642 musa
1027 1597 1210 1642 solatur
1244 1611 1477 1654 amorem,

159 1685 420 1724 canentem
457 1675 594 1723 molli
630 1677 800 1736 pluma
835 1673 1031 1723 duxisse
1067 1683 1318 1723 senectam

157 1757 465 1819 linquentem
502 1765 651 1804 terras
688 1765 736 1804 et
772 1755 932 1804 sidera
965 1772 1087 1804 voce
1124 1765 1426 1818 sequentem.

159 1837 286 1886 filius
322 1836 539 1900 aequalis
577 1836 838 1885 comitatus
875 1838 1029 1885 classe
1065 1846 1281 1885 catervas

159 1918 409 1982 ingentem
445 1917 591 1966 remis
629 1919 933 1968 Centaurum
969 1927 1259 1980 promovet:
1307 1917 1389 1966 ille
1748 1938 1824 1981 195

161 1999 308 2047 instat
344 2016 501 2062 aquae
538 2015 810 2061 saxumque
848 1997 995 2046 undis
1032 1997 1249 2046 immane
1286 1999 1500 2048 minatur

160 2081 353 2138 arduus,
394 2089 442 2128 et
478 2082 625 2142 longa
662 2081 818 2127 sulcat
854 2077 1006 2126 maria
1040 2080 1139 2126 alta
1173 2078 1349 2127 carina.

229 2162 320 2209 Ille
356 2160 503 2209 etiam
539 2159 705 2222 patriis
740 2176 918 2223 agmen
954 2159 1050 2207 ciet
1086 2160 1257 2208 Ocnus
1293 2161 1355 2208 ab
1392 2160 1502 2220 oris,

161 2240 389 2290 fatidicae
433 2243 635 2289 Mantus
672 2249 721 2289 et
757 2239 908 2288 Tusci
945 2239 1073 2288 filius
1109 2240 1281 2299 amnis,

164 2323 248 2385 qui
284 2339 450 2371 muros
488 2322 754 2385 matrisque
792 2321 930 2370 dedit
967 2321 1069 2380 tibi,
1113 2323 1333 2380 Mantua,
1374 2339 1571 2381 nomen,
1749 2343 1829 2371 200

165 2405 386 2461 Mantua,
426 2403 563 2451 dives
599 2402 714 2461 aviS,
756 2405 844 2451 sed
880 2419 982 2451 non
1020 2418 1174 2465 genus
1212 2401 1444 2452 omnibus
1481 2420 1670 2452 unum:

162 2500 282 2545 gens
317 2483 386 2531 illi
422 2483 607 2546 triplex,
647 2483 818 2547 populi
853 2484 946 2532 sub
982 2493 1128 2546 gente
1164 2484 1400 2546 quaterni,

164 2564 270 2627 ipsa
308 2574 455 2627 caput
491 2565 698 2628 populis,
740 2567 907 2613 Tusco
944 2566 1007 2613 de
1044 2565 1281 2628 sanguine
1316 2565 1453 2614 vires.

224 2695 408 2742 175-182
432 2692 589 2740 MPR;
626 2695 811 2742 183-203
834 2691 1007 2731 MPRV
1045 2682 1052 2687 ⁶
1254 2695 1329 2743 178
1359 2693 1512 2746 hastis]
1535 2695 1662 2733 armis
1681 2695 1833 2745 P7¹a²c

171 2760 247 2795 179
275 2747 465 2796 Alpheae
487 2747 538 2785 ab
558 2746 706 2797 PR7¹c
723 2748 836 2786 Serv.
855 2764 864 2786 ε
894 2748 1064 2797 Alphea
1093 2749 1144 2787 ab
1166 2746 1315 2798 M7²brr
1335 2747 1598 2788 Priscianus:
1632 2748 1828 2799 Alpheae

165 2802 330 2850 origine
350 2800 598 2840 Lachmann
614 2801 781 2839 Ribbeck
909 2803 986 2839 186
1006 2803 1114 2840 locus
1129 2807 1348 2851 corruptus.
1391 2802 1588 2853 Cinyrae,
1609 2802 1827 2850 Cumarre,

167 2855 324 2904 Cinire‚
350 2855 518 2907 Cinera‚
551 2855 709 2893 Cinere
731 2854 866 2895 codd.:
917 2855 1085 2895 Cunare
1104 2854 1160 2894 D.
1192 2855 1333 2894 Sem:
1368 2857 1492 2894 multi
1509 2857 1643 2895 multa
1660 2857 1828 2906 frustra

169 2914 479 2961 temptaverunt,
514 2910 623 2948 velut
649 2910 742 2948 sine
771 2923 818 2948 re
839 2909 1034 2961 Madvig:
1078 2911 1252 2960 ignarus
1283 2908 1488 2961 Schaper:
1530 2911 1665 2961 Cycni
1691 2910 1831 2949 Pestter

174 2976 251 3013 194
282 2964 448 3014 aequali
470 2964 522 3001 M
525 2964 538 2986 1
706 2977 785 3003 202
816 2964 898 3003 illis
925 2963 964 3000 V
