2014 3372
1318 162 1678 211 AENEIDOS
1714 163 1762 208 V

102 305 258 353 ‘hanc
293 303 395 365 tibi,
437 306 578 368 Eryx,
617 302 872 352 meliorem
908 302 1125 352 animam
1161 318 1251 366 pro
1287 311 1445 351 morte
1483 301 1677 352 Daretis

97 387 355 449 persolvo3
402 386 483 434 hic
518 385 673 434 victor
709 394 902 433 caestus
937 394 1193 447 artemque
1229 386 1447 448 repono!

165 467 394 516 Protinus
430 469 626 515 Aeneas
662 465 807 514 celeri
843 475 1028 515 certare
1063 465 1237 529 sagitta
1682 476 1761 527 485

98 547 270 597 invitat
305 547 390 610 qui
425 549 549 596 forte
583 546 735 596 velint
770 556 819 595 et
853 546 1072 610 praemia
1106 547 1240 606 dicit,

99 628 384 693 ingentique
420 646 570 677 manu
607 630 792 677 malum
829 630 892 677 de
929 645 1054 677 nave
1090 628 1269 677 Seresti

100 709 237 773 erigit
273 719 321 758 et
356 711 606 758 volucrem
643 708 852 757 traiecto
882 709 933 756 in
969 711 1086 757 fune
1122 709 1421 768 columbam,

100 807 201 853 quo
237 792 442 839 tendant
478 792 670 849 ferrum,
712 791 842 838 malo
879 789 1136 852 suspendit
1171 790 1237 838 ab
1271 791 1384 838 alto.

100 887 376 919 convenere
411 870 499 918 viri
535 870 879 933 deiectamque
915 887 1057 918 aerea
1094 879 1275 918 sortem
1684 890 1767 932 490

99 952 290 1015 accepit
324 954 463 1015 galea
478 970 492 1012 3
538 961 587 1001 et
622 952 807 1014 primus
844 954 1058 1000 clamore
1093 953 1315 1001 secundo

103 1032 405 1097 Hyrtacidae
440 1042 554 1081 ante
591 1033 752 1081 omnis
790 1032 887 1082 exit
923 1035 1062 1082 locus
1101 1032 1472 1096 Hippocoontis
1489 1051 1503 1094 3

102 1131 251 1177 quem
287 1115 440 1163 modo
477 1114 637 1162 navali
676 1116 969 1162 Mnestheus
1007 1114 1274 1162 certamine
1309 1114 1464 1163 victor

102 1193 432 1256 consequitur,
470 1194 612 1242 viridi
650 1196 944 1243 Mnestheus
981 1195 1204 1243 evinctus
1241 1193 1380 1243 oliva.

102 1276 270 1325 tertius
310 1276 562 1338 Eurytion,
602 1285 730 1335 tuus,
769 1293 799 1325 o
836 1276 1115 1336 clarissime,
1155 1279 1310 1335 frater,
1686 1296 1767 1336 495

103 1359 339 1416 Pandare,
381 1357 466 1419 qui
503 1358 757 1419 quondam
794 1357 955 1406 iussus
992 1359 1296 1405 confundere
1332 1358 1508 1405 foedus

103 1438 153 1486 in
190 1438 382 1486 medios
419 1439 571 1486 telum
608 1437 789 1486 torsisti
823 1437 1010 1500 primus
1046 1437 1278 1486 Achivos.
1354 1434 1356 1437 ’

104 1529 347 1568 extremus
383 1521 620 1581 galeaque
656 1519 755 1566 ima
790 1518 1013 1568 subsedit
1047 1521 1268 1577 Acestes,

103 1617 250 1648 ausus
287 1610 335 1648 et
371 1600 476 1662 ipse
513 1617 663 1648 manu
700 1599 934 1648 iuvenum
971 1609 1212 1662 temptare
1248 1600 1481 1648 laborem.

104 1690 210 1729 tum
246 1680 418 1729 validis
455 1683 607 1729 flexos
643 1680 900 1729 incurvant
935 1680 1118 1729 viribus
1154 1697 1294 1729 arcus
1687 1698 1770 1740 500

103 1779 193 1824 pro
230 1779 282 1810 se
318 1762 527 1825 quisque
563 1761 651 1809 viri
687 1771 735 1810 et
771 1764 1071 1824 depromunt
1106 1764 1204 1810 tela
1238 1760 1489 1824 pharetris,

104 1843 360 1906 primaque
395 1860 482 1906 per
517 1845 708 1891 caelum
743 1859 895 1891 nervo
932 1842 1167 1892 stridente
1205 1842 1378 1905 sagitta

108 1923 409 1986 Hyrtacidae
445 1923 634 1972 iuvenis
670 1923 880 1972 volucris
917 1923 1191 1972 diverberat
1226 1940 1381 1982 auras,

106 2015 155 2054 et
190 2005 322 2054 venit
358 2005 648 2068 adversique
684 2005 898 2068 infigitur
933 2006 1106 2053 arbore
1142 2004 1270 2052 mali.

106 2086 356 2135 intremuit
392 2089 550 2135 malus
586 2086 847 2148 timuitque
884 2085 1107 2134 exterrita
1140 2084 1317 2147 pennis
1689 2105 1768 2146 505

106 2169 220 2227 ales,
260 2177 308 2216 et
343 2168 529 2231 ingenti
566 2176 836 2216 sonuerunt
871 2166 1040 2215 omnia
1074 2168 1261 2228 plausu.

107 2259 219 2312 post
254 2266 365 2298 acer
402 2251 696 2298 Mnestheus
733 2250 952 2297 adducto
989 2247 1208 2296 constitit
1243 2264 1359 2296 arcu

107 2333 204 2379 alta
238 2341 424 2393 petens,
465 2331 741 2394 pariterque
778 2332 949 2379 oculos
986 2331 1239 2391 telumque
1275 2327 1496 2377 tetendit.

107 2421 181 2459 ast
217 2412 373 2474 ipsam
410 2412 716 2460 miserandus
752 2429 895 2460 avem
931 2410 1215 2473 contingere
1251 2411 1376 2457 ferro

108 2493 395 2541 nonvaluit
413 2512 426 2553 3
462 2495 622 2542 nodos
660 2502 708 2541 et
743 2492 940 2541 vincula
974 2491 1104 2539 linea
1139 2490 1269 2553 rupit
1690 2508 1771 2549 510

108 2572 218 2635 quis
254 2573 431 2622 innexa
465 2576 647 2636 pedem
683 2576 814 2623 malo
850 2574 1102 2636 pendebat
1138 2572 1202 2620 ab
1237 2573 1337 2620 alto
1354 2590 1368 2632 3

108 2652 190 2701 illa
226 2655 387 2702 Notos
422 2664 571 2718 atque
607 2657 705 2703 alta
741 2657 912 2704 volans
949 2654 1000 2702 in
1036 2653 1207 2702 nubila
1241 2652 1376 2715 fugit.

109 2743 214 2782 tum
250 2735 463 2798 rapidus,
502 2735 793 2785 iamdudum
833 2752 949 2784 arcu
985 2743 1219 2783 contenta
1254 2741 1424 2795 parato

164 2864 355 2913 483—499
374 2862 551 2900 MPRV
562 2877 571 2911 ;
601 2874 791 2912 500-513
825 2861 956 2901 MPR
1067 2863 1147 2910 484
1170 2860 1339 2910 reponit
1358 2858 1436 2897 Rc1
1458 2857 1571 2898 Serv.
1694 2860 1774 2907 486

111 2916 232 2967 dicit]
262 2918 379 2966 ponit
400 2916 605 2955 MRVbcrr
623 2917 790 2955 Nonius
951 2929 1027 2965 491
1061 2916 1242 2964 primum
1262 2911 1351 2951 RV
1492 2926 1574 2963 499
1602 2925 1773 2951 manum

115 2969 156 3007 V
230 2971 376 3010 labore
402 2971 440 3008 V
535 2984 615 3021 503
644 2972 827 3010 volucris
850 2970 1014 3009 iuvenis
1033 2968 1141 3020 P7¹b
1236 2980 1314 3019 512
1335 2968 1437 3020 alta]
1452 2973 1542 3007 atra
1563 2965 1774 3018 MR7²bc⁷r

1580 3029 1657 3069 15*
