2014 3372
239 162 601 211 AENEIDOS
637 164 686 209 X

237 299 355 350 inde
392 300 527 350 aliud
565 318 711 363 super
745 309 896 364 atque
931 299 1067 350 aliud
1103 300 1307 365 figitque
1341 303 1575 365 volatque

239 381 426 444 ingenti
463 399 595 445 gyro,
636 384 724 432 sed
761 382 972 432 sustinet
1006 399 1184 432 aureus
1221 384 1388 433 umbo.

236 473 309 512 ter
346 464 530 512 circum
568 473 812 513 astantem
848 466 1014 514 laevos
1051 464 1287 528 equitavit
1322 465 1375 513 in
1409 465 1543 515 orbis
1831 474 1913 528 885

237 547 334 593 tela
372 562 522 593 manu
559 544 757 606 iaciens,
796 554 869 594 ter
904 563 1074 594 secum
1111 545 1290 594 Troius
1320 547 1472 595 heros

236 626 508 675 immanem
544 637 711 676 aerato
747 627 1028 677 circumfert
1064 627 1281 691 tegmine
1317 628 1502 678 silvam.

236 708 353 762 inde
391 708 477 761 ubi
514 718 587 761 tot
623 709 823 761 traxisse
860 727 1034 771 moraS‚
1075 719 1148 759 tot
1184 710 1374 774 spicula
1407 712 1576 761 taedet

238 798 430 856 vellere,
471 805 521 846 et
556 806 754 860 urgetur
789 812 956 860 pugna
992 811 1283 858 congressus
1320 794 1503 858 iniqua,

239 881 395 927 multa
432 895 638 927 movens
675 878 844 927 animo
880 877 980 926 iam
1016 879 1220 926 tandem
1257 877 1470 940 erumpit
1505 885 1555 926 et
1590 875 1718 926 inter
1830 883 1916 939 890‘

237 960 487 1010 bellatoris
525 960 640 1024 equi
677 977 797 1009 cava
832 969 1057 1024 tempora
1092 958 1275 1008 conicit
1310 960 1515 1007 hastam.

237 1043 364 1092 tollit
403 1060 454 1091 se
489 1052 733 1092 arrectum
771 1042 1035 1106 quadripes
1073 1051 1122 1091 et
1158 1041 1376 1091 calcibus
1411 1059 1553 1091 auras

238 1126 473 1184 verberat,
517 1126 828 1188 effusumque
867 1124 1084 1187 equitem
1122 1141 1268 1188 super
1303 1124 1408 1188 ipse
1444 1134 1644 1174 secutus

238 1206 459 1270 implicat
496 1206 755 1269 eiectoque
792 1205 1038 1255 incumbit
1073 1223 1284 1255 cernuus
1319 1223 1470 1255 armo.

241 1290 455 1338 clamore
493 1288 769 1338 incendunt
805 1290 999 1337 caelum
1036 1290 1294 1351 Troesque
1330 1287 1607 1352 Latinique.
1835 1297 1917 1351 895

238 1372 438 1420 advolat
475 1374 671 1420 Aeneas
708 1371 983 1435 vaginaque
1019 1369 1162 1434 eripit
1197 1387 1368 1419 ensem

240 1463 289 1503 et
328 1471 472 1518 super
508 1455 661 1503 haec:
715 1452 832 1502 ‘ubi
868 1470 1003 1501 nunc
1041 1451 1319 1501 Mezentius
1355 1469 1467 1501 acer
1502 1462 1552 1501 et
1587 1452 1671 1501 illa

241 1538 388 1585 effera
424 1535 496 1584 vis
533 1535 754 1584 animi?'
803 1544 975 1584 contra
1010 1536 1307 1598 Tyrrhenus,
1347 1543 1402 1582 ut
1436 1551 1578 1583 auras

243 1618 515 1682 suspiciens
553 1617 716 1666 hausit
752 1619 946 1666 caelum
983 1625 1306 1679 mentemque
1341 1616 1555 1679 recepit:

246 1705 256 1725 ‘
277 1699 431 1748 hostis
468 1716 645 1759 amare,
687 1698 808 1762 quid
844 1698 1107 1762 increpitas
1144 1707 1456 1761 mortemque
1492 1696 1730 1746 minaris?
1833 1711 1920 1758 906

242 1785 434 1831 nullum
471 1782 523 1831 in
559 1784 713 1832 caede
750 1785 900 1843 nefas,
941 1799 1035 1831 nec
1068 1781 1137 1831 sic
1173 1783 1238 1831 ad
1273 1781 1461 1845 proelia
1495 1781 1622 1841 veni,
1884 1776 1886 1778 ¹

241 1881 334 1912 nec
372 1873 538 1912 tecum
575 1881 715 1912 meus
751 1865 875 1912 haec
911 1863 1097 1926 pepigit
1134 1861 1256 1910 mihi
1292 1864 1493 1911 foedera
1529 1864 1734 1910 Lausus.

241 1962 397 1993 unum
434 1946 531 1993 hoc
567 1961 654 2007 per
690 1944 730 1992 si
768 1961 866 2007 qua
902 1953 975 1992 est
1012 1943 1152 1991 victis
1189 1943 1334 1992 venia
1368 1943 1595 1991 hostibus
1631 1959 1752 1991 oro:

242 2044 419 2090 corpus
457 2028 612 2075 humo
649 2026 834 2090 patiare
871 2025 980 2089 tegi.
1057 2025 1160 2074 scio
1196 2026 1376 2074 acerba
1411 2041 1636 2073 meorum

242 2104 557 2153 circumstare
595 2103 738 2152 odia:
790 2105 937 2162 hunc,
978 2120 1081 2162 oro,
1122 2105 1336 2152 defende
1372 2104 1587 2151 furorem
1837 2121 1919 2164 905

242 2195 291 2235 et
329 2203 407 2234 me
445 2195 726 2235 consortem
765 2185 867 2234 nati
906 2187 1128 2234 concede
1166 2187 1423 2249 sepulcro!

243 2269 366 2315 haec
402 2266 631 2330 loquitur,
672 2267 941 2330 iuguloque
979 2269 1113 2316 haud
1150 2267 1334 2316 inscius
1369 2266 1549 2330 accipit
1584 2282 1755 2315 ensem

244 2347 553 2411 undantique
590 2348 808 2396 animam
846 2348 1080 2397 diffundit
1116 2347 1167 2396 in
1202 2366 1339 2396 arma
1373 2365 1557 2397 cruore.

299 2480 492 2529 883-908
515 2479 647 2519 MPR
870 2481 949 2530 883
981 2480 1173 2530 fugitque
1200 2479 1359 2519 IlslP¹cl
1499 2480 1581 2528 884
1610 2466 1764 2518 aereus
1784 2475 1921 2516 MPm

246 2534 325 2582 898
356 2533 421 2585 ut]
444 2539 487 2572 et
507 2535 560 2573 M
562 2533 814 2588 ²P2R1(3)71
941 2536 1023 2585 908
1052 2535 1194 2574 anima
1214 2534 1271 2574 Pl
1386 2533 1580 2574 defundit
1598 2532 1689 2584 Ryl
1822 2543 1923 2571 arva

246 2587 527 2640 Menagmnus
537 2590 709 2641 primus
823 2603 1017 2629 cruorem
1037 2589 1145 2628 MPl
