2046 3380
241 147 294 195 P.
338 146 641 195 VERGILI
681 146 1006 196 MARONIS

241 288 322 338 hic
364 288 485 352 petit
523 287 725 338 excidiis
763 288 938 337 urbem
976 285 1282 351 miserosque
1318 285 1529 350 penatis5
1828 295 1932 349 '505‘

241 379 296 419 ut
335 386 533 434 gemma
569 369 709 419 bibat
746 377 794 418 et
831 371 1041 418 Sarrano
1078 367 1292 418 dormiat
1329 376 1462 418 ostro
1480 386 1493 429 3
1750 367 1753 369 ’

240 451 416 500 condit
455 467 575 513 opes
613 450 736 499 alius
774 451 1074 513 defossoque
1110 449 1314 498 incubat
1349 465 1503 509 auro3

241 531 322 581 hic
364 540 528 595 stupet
565 531 804 581 attonitus
841 531 1020 591 rostris,
1060 532 1195 580 hunc
1230 532 1431 594 plausus
1468 529 1688 579 hiantem

241 629 330 675 per
372 630 558 663 cuneos
602 612 880 677 geminatus
921 612 1055 662 enim
1094 611 1354 676 plebisque
1390 620 1686 675 patrumque

244 694 479 759 corripuit
496 714 509 756 3
564 697 783 759 gaudent
820 694 1004 758 perfusi
1041 693 1280 757 sanguine
1317 694 1535 752 fratrum,
1841 711 1923 752 510

243 777 516 841 exsilioque
554 779 734 827 domos
772 786 821 826 et
857 776 1022 826 dulcia
1059 775 1230 825 limina
1266 783 1460 824 mutant

243 867 394 922 atque
431 859 528 908 alio
565 858 773 922 patriam
813 866 1057 922 quaerunt
1094 857 1186 906 sub
1226 858 1330 905 sole
1366 855 1624 906 iacentem.

242 940 457 1004 agricola
494 940 699 990 incurvo
737 949 915 990 terram
954 939 1163 989 dimovit
1199 947 1391 987 aratro:

242 1021 359 1071 hinc
398 1021 516 1070 anni
552 1022 705 1082 labor,
746 1021 863 1070 hinc
901 1020 1109 1085 patriam
1147 1036 1424 1084 parvosque
1460 1027 1668 1083 nepotes

242 1104 464 1164 sustinet,
506 1103 623 1153 hinc
660 1113 884 1153 armenta
920 1104 1075 1153 boum
1112 1102 1413 1165 meritosque
1449 1101 1698 1151 iuvencos.
1840 1120 1923 1161 515

242 1203 335 1236 nec
374 1185 582 1250 requies,
624 1185 745 1249 quin
783 1194 868 1234 aut
904 1184 1066 1248 pomis
1104 1185 1338 1234 exuberet
1372 1200 1533 1232 annus

238 1277 324 1316 aut
361 1270 463 1317 fetu
501 1284 738 1331 pecorum
777 1275 862 1315 aut
900 1265 1117 1317 Cerealis
1154 1264 1358 1329 mergite
1394 1262 1559 1323 culmi,

240 1358 585 1413 proventuque
625 1357 796 1398 oneret
837 1349 1000 1397 sulcos
1038 1356 1189 1410 atque
1226 1348 1401 1396 horrea
1435 1344 1612 1393 vincat.

241 1431 375 1481 venit
412 1430 600 1480 hiems:
652 1430 822 1480 teritur
863 1428 1094 1492 Sicyonia
1130 1429 1257 1477 baca
1292 1426 1506 1490 trapetis,

240 1514 420 1576 glande
457 1529 569 1562 sues
606 1511 721 1561 laeti
761 1513 984 1570 redeunt,
1027 1512 1149 1559 dant
1184 1510 1359 1559 arbuta
1395 1508 1579 1567 silvae3
1664 1515 1667 1518 ’
1841 1526 1924 1566 520

241 1605 290 1645 et
325 1594 484 1645 varios
520 1594 662 1659 ponit
698 1596 825 1642 fetus
865 1602 1148 1652 autumnus,
1190 1601 1238 1641 et
1284 1593 1381 1640 alte

242 1678 373 1727 mitis
410 1677 461 1726 in
497 1676 674 1740 apricis
712 1675 942 1739 coquitur
981 1674 1233 1724 vindemia
1270 1673 1409 1722 saxiS.

241 1759 428 1808 interea
463 1760 634 1807 dulces
672 1758 894 1821 pendent
932 1755 1118 1805 circum
1157 1757 1327 1804 oscula
1363 1754 1478 1813 nati,

242 1851 377 1891 casta
412 1840 703 1905 pudicitiam
740 1848 899 1889 servat
938 1840 1134 1898 domus,
1175 1839 1328 1887 ubera
1364 1853 1549 1886 vaccae-

242 1925 400 1972 lactea
436 1922 719 1981 demittunt,
760 1921 1070 1985 pinguesque
1109 1919 1159 1968 in
1199 1918 1419 1983 gramine
1457 1920 1588 1967 laeto
1841 1934 1920 1976 525

242 2005 369 2054 inter
405 2022 457 2054 se
493 2003 709 2053 adversis
747 2005 995 2052 luctantur
1037 2001 1271 2051 cornibus
1309 2000 1470 2049 haedi.
1944 2003 1946 2005 ’

243 2086 349 2150 ipse
385 2086 491 2135 dies
527 2085 677 2150 agitat
714 2087 863 2133 festos
898 2085 1136 2147 fususque
1173 2100 1259 2146 per
1296 2083 1514 2141 herbam,

244 2168 369 2233 ignis
406 2167 492 2217 ubi
528 2168 579 2216 in
617 2167 786 2217 medio
823 2175 871 2215 et
909 2165 1031 2215 socii
1070 2175 1256 2214 cratera
1294 2173 1548 2223 coronant,

245 2258 294 2298 te
329 2249 504 2309 libans,
546 2251 755 2309 Lenaee,
796 2256 940 2297 vocat
979 2246 1272 2311 pecorisque
1311 2244 1552 2310 magistris

245 2331 427 2381 velocis
464 2331 611 2380 iaculi
648 2330 917 2380 certamina
955 2329 1098 2393 ponit
1135 2330 1186 2378 in
1224 2331 1375 2389 ulmo,
1576 2330 1578 2333 ’
1844 2344 1927 2386 530

247 2430 553 2477 corporaque
589 2412 766 2477 agresti
805 2413 998 2461 nudant
1039 2413 1281 2476 praedura
1317 2413 1570 2474 palaestra.

247 2497 376 2543 hanc
413 2494 532 2544 olim
569 2504 756 2543 veteres
794 2494 946 2543 vitam
987 2496 1184 2544 coluere
1224 2492 1408 2552 Sabini,

247 2579 376 2626 hanc
415 2579 604 2626 Remus
642 2586 690 2626 et
726 2579 884 2637 frater,
927 2577 997 2626 sic
1034 2576 1171 2626 fortis
1210 2574 1404 2624 Etruria
1440 2572 1589 2623 crevit

249 2659 434 2709 scilicet
472 2668 520 2709 et
556 2677 717 2708 rerum
756 2661 885 2708 facta
924 2668 997 2708 est
1034 2657 1365 2722 pulcherrima
1402 2659 1581 2715 Roma,

307 2795 500 2833 505—534
532 2783 663 2822 MPR
918 2786 999 2835 506
1030 2785 1258 2825 indormiat
1279 2785 1348 2823 Ml
1600 2798 1680 2836 512
1710 2794 1920 2836 quaerunt

252 2839 437 2887 patriam
467 2838 510 2876 P
535 2838 676 2890 Porplt
843 2851 924 2889 513
955 2840 1150 2892 dimovi-t]
1174 2841 1344 2880 molitus
1365 2841 1419 2879 M
1617 2853 1698 2891 514
1728 2842 1797 2881 hic
1817 2844 1918 2882 anni

250 2893 402 2931 Mar-kl.
435 2893 550 2933 Ribb.
651 2893 851 2945 nepotes]
881 2902 1061 2944 penates
1091 2895 1143 2933 M
1170 2895 1318 2937 Markl.
1343 2896 1460 2937 Ribb.
1658 2897 1740 2946 518
1768 2897 1918 2950 atque]

251 2953 324 2985 aut
346 2947 399 2990 M
402 2947 415 2969 ¹
547 2959 625 2997 531
659 2949 844 2997 perdura
865 2948 917 2986 M
922 2949 934 2971 ¹
991 2950 1231 2999 palaestrae
1252 2950 1305 2988 M
1430 2964 1511 3001 532
1541 2951 1670 2990 vitam
1690 2956 1861 2991 veteres
1880 2951 1924 2990 P
1945 2951 1950 2954 ⁴
