2014 3372
1294 167 1666 216 AENEIDOS‘
1693 167 1770 214 IX

109 309 207 356 tela
240 315 425 371 gerunt.
499 306 647 355 instat
684 307 978 355 Mnestheus
1014 322 1225 368 acerque
1260 307 1497 365 Serestus,

110 405 234 451 quos
271 398 407 452 pater
442 390 652 447 Aeneas,
691 387 731 435 si
767 388 970 450 quando
1005 388 1210 435 adversa
1244 395 1491 445 vocarent,

109 477 321 517 rectores
357 467 590 516 iuvenum
627 476 676 516 et
711 484 871 516 rerum
908 467 1047 516 dedit
1082 484 1190 516 esse
1226 466 1496 530 magistros.

110 548 272 598 omnis
308 566 394 612 per
429 565 596 598 muros
631 548 759 611 legio
796 548 965 597 sortita
999 547 1238 611 periclum

112 631 321 678 excubat
357 639 646 693 exercetque
682 630 828 689 vices,
867 630 1005 692 quod
1040 629 1220 692 cuique
1256 630 1498 678 tuendum
1537 638 1623 678 est.
1695 647 1770 689 175

180 711 330 759 Nisus
367 721 468 760 erat
504 721 673 775 portae
710 720 889 771 custos,
929 710 1194 759 acerrimus
1229 710 1391 770 armis,

114 791 424 854 HyrtacideS,
464 792 698 841 comitem
735 795 936 840 Aeneae
972 808 1121 855 quern
1158 791 1356 840 miserat
1393 794 1487 849 Ida

112 873 331 921 Venatrix
363 873 524 921 iaculo
561 875 772 921 celerem
807 873 1098 936 levibusque
1134 873 1320 936 sagittis
1335 892 1350 935 3

114 961 162 1003 et
197 952 330 1001 iuxta
364 970 531 1002 comes
569 955 822 1016 Euryalus,
862 970 963 1016 quo
999 953 1248 1017 pulchrior
1282 956 1404 1003 alter

114 1052 216 1083 non
252 1034 342 1083 fuit
377 1037 672 1084 Aeneadum
708 1035 924 1084 Troiana
959 1052 1122 1098 neque
1157 1034 1320 1084 induit
1353 1053 1502 1095 arma,
1701 1045 1778 1082 180

115 1132 200 1164 ora
235 1132 357 1179 puer
390 1116 547 1178 prima
582 1116 780 1180 signans
816 1116 1014 1165 intonsa
1047 1116 1259 1165 iuventa.

115 1195 191 1244 his
227 1213 365 1244 amor
400 1214 527 1244 unus
564 1206 665 1245 erat
701 1196 978 1260 pariterque
1014 1197 1066 1245 in
1101 1198 1232 1246 bella
1266 1198 1506 1246 ruebant:

116 1286 222 1324 tum
258 1293 458 1340 quoque
494 1277 748 1326 communi
783 1290 976 1341 portam
1013 1278 1223 1327 statione
1259 1279 1509 1327 tenebant.

118 1357 269 1406 Nisus
305 1357 399 1406 ait:
454 1358 595 1407 ‘dine
633 1360 766 1407 hunc
801 1361 1027 1408 ardorem
1065 1359 1314 1408 mentibus
1350 1361 1555 1418 addunt,

119 1440 341 1500 Euryale,
381 1456 445 1487 an
482 1457 570 1487 sua
606 1439 785 1502 cuique
822 1441 945 1488 deus
982 1441 1043 1487 fit·
1072 1440 1178 1488 dira
1213 1439 1434 1503 cupido?
1704 1450 1777 1499 185

118 1528 202 1567 aut
237 1536 453 1582 pugnam
489 1530 574 1569 aut
608 1520 797 1583 aliquid
833 1521 1127 1571 iamdudum
1163 1521 1395 1570 invadere
1431 1538 1667 1584 magnum

119 1617 258 1649 mens
295 1601 443 1664 agitat
479 1602 613 1662 mihi,
654 1619 748 1650 nec
784 1603 980 1665 placida
1016 1611 1251 1651 contenta
1287 1602 1452 1665 quiete
1487 1612 1574 1651 est.

119 1682 277 1731 cernis
314 1700 440 1746 quae
478 1686 692 1732 Rutulos
729 1685 910 1732 habeat
946 1684 1129 1733 fiducia
1164 1700 1358 1733 rerum:

119 1763 307 1812 lumina
342 1781 446 1812 rara
482 1764 678 1824 micant,
719 1782 897 1813 somno
932 1765 1149 1828 vinoque
1180 1765 1334 1814 *soluti

120 1846 439 1907 procubuere,
477 1846 621 1894 silent
657 1849 754 1895 late
789 1849 910 1895 loca.
983 1846 1181 1910 percipe
1216 1864 1362 1910 porro
1441 1865 1444 1867 ’
1707 1866 1784 1908 190

121 1925 242 1988 quid
279 1925 501 1974 dubitem
539 1936 586 1975 et
623 1944 750 1990 quae
786 1944 920 1976 nunc
956 1927 1123 1976 animo
1160 1927 1404 1976 sententia
1439 1936 1615 1990 surgat.

122 2009 328 2054 Aenean
363 2007 509 2055 acciri
545 2025 733 2066 omnes,
774 2010 1089 2070 populusque
1124 2018 1400 2071 patresque,

122 2097 409 2150 exposcunt,
449 2088 676 2151 mittique
712 2088 840 2136 viros
877 2088 963 2151 qui
999 2096 1131 2137 certa
1166 2098 1427 2152 reportent.

124 2167 163 2216 si
199 2167 289 2216 tibi
325 2185 452 2231 quae
489 2185 643 2232 posco
680 2168 975 2231 promittunt
1013 2169 1149 2233 (nam
1186 2169 1307 2216 mihi
1342 2169 1456 2218 facti

124 2250 254 2296 fama
289 2258 362 2296 sat
399 2248 506 2312 est),
548 2251 740 2298 tumulo
777 2249 948 2299 videor
983 2249 1192 2313 reperire
1228 2251 1320 2299 sub
1357 2250 1442 2299 illo
1713 2270 1786 2311 195

124 2347 269 2394 posse
305 2331 434 2379 viam
470 2334 534 2381 ad
572 2350 738 2381 muros
776 2342 824 2381 et
862 2333 1061 2381 moenia
1097 2335 1378 2382 Pallantea.'

126 2412 364 2475 obstipuit
400 2430 580 2477 magno
617 2415 821 2463 laudum
858 2431 1119 2478 percussus
1156 2431 1324 2463 amore

128 2496 379 2556 Euryalus,
420 2494 565 2542 simul
601 2495 676 2544 his
713 2497 969 2544 ardentem
1005 2497 1199 2544 adfatur
1233 2495 1479 2545 amicum:

130 2578 303 2622 ‘mene
339 2574 483 2638 igitur
517 2575 709 2624 socium
747 2575 952 2624 summis
988 2575 1255 2639 adiungere
1290 2577 1449 2636 rebus,

130 2655 264 2714 Nise,
303 2656 468 2719 fugis?
515 2659 676 2705 solum
713 2666 761 2706 te
797 2657 848 2705 in
884 2666 1019 2706 tanta
1055 2657 1273 2721 pericula
1308 2658 1541 2707 mittam?
1716 2680 1792 2707 200

130 2753 231 2784 non
268 2735 334 2783 ita
370 2753 450 2784 me
485 2736 687 2799 genitor,
729 2738 869 2786 bellis
906 2739 1141 2786 adsuetus
1180 2739 1433 2800 Opheltes,

189 2876 370 2913 171-201
394 2850 525 2902 MPR'
749 2878 821 2914 171
855 2866 1015 2904 instant
1036 2864 1155 2903 MRrr
1325 2878 1401 2915 173
1432 2866 1635 2905 lectzbnem
1652 2867 1793 2905 iuveni

131 2919 312 2993 agnoscit
330 2918 441 2958 Serv.
561 2931 637 2969 179
668 2917 731 2969 et]
749 2919 780 2957 it
797 2918 1036 2958 Moretanus
1050 2918 1252 2958 [Ribbeck
1365 2921 1443 2970 189
1472 2920 1618 2972 soluti]
1638 2921 1794 2970 sepulti

132 2983 158 3010 a
178 2985 252 3011 mrr
270 2971 474 3012 deteriores
492 2971 607 3012 Serv.
