2014 3372
221 139 274 186 P.
314 138 613 186 VERGILI
652 138 979 187 MARONIS

221 278 532 337 mandemus,
572 276 658 340 qui
694 278 828 325 solus
863 278 1026 326 honos
1062 278 1347 326 Acheronte
1383 278 1475 326 sub
1511 277 1615 327 imo
1647 262 1736 328 est.

221 357 313 406 ite’
349 357 429 418 ait,
474 357 717 421 ‘egregias
753 356 957 417 animas,
998 375 1125 421 quae
1162 358 1399 421 sanguine
1435 358 1580 407 nobis

221 440 351 487 hanc
386 437 595 502 patriam
631 455 866 502 peperere
902 455 1006 498 suo,
1047 440 1278 488 decorate
1315 439 1556 503 supremis
1846 461 1896 500 25

222 520 525 579 muneribus,
564 529 905 583 maestamque
942 520 1163 569 Euandri
1199 520 1384 584 primus
1419 523 1484 569 ad
1520 522 1695 570 urbem

221 601 441 650 mittatur
477 604 652 662 Pallas,
693 619 844 665 quem
880 619 984 651 non
1020 601 1209 651 virtutis
1246 611 1491 666 egentem*

220 683 423 731 abstulit
457 692 562 731 atra
597 683 704 732 dies
740 692 789 732 et
825 685 996 732 funere
1032 683 1200 732 mersit
1235 685 1448 733 acerbo.'

289 763 370 813 Sic
405 764 473 813 ait
508 764 837 824 inlacrimans,
878 764 1150 828 recipitque
1185 766 1250 814 ad
1286 765 1458 813 limina
1493 782 1716 828 gressum

220 863 399 908 corpus
436 845 523 894 ubi
559 845 773 894 exanimi
808 846 1026 910 positum
1065 846 1300 895 Pallantis
1335 849 1552 895 Acoetes
1845 868 1900 907 30

221 928 447 976 servabat
482 927 658 987 senior,
699 927 785 991 qui
822 927 1079 976 Parrhasio
1119 929 1356 977 Euandro

219 1009 428 1072 armiger
462 1019 579 1059 ante
614 1010 718 1070 fuit,
759 1012 847 1059 sed
884 1028 986 1058 non
1024 1010 1249 1059 felicibus
1286 1028 1445 1074 aeque

220 1100 326 1140 tum
363 1108 532 1140 comes
567 1091 799 1155 auspiciis
836 1108 951 1140 caro
986 1093 1131 1140 datus
1167 1091 1270 1140 ibat
1305 1094 1520 1141 alumno.

220 1172 406 1221 circum
442 1172 606 1222 omnis
641 1175 983 1235 famulumque
1019 1190 1196 1221 manus
1232 1172 1550 1236 Troianaque
1584 1173 1728 1221 turba

220 1263 269 1303 et
306 1263 551 1302 maestum
590 1253 773 1303 Iliades
811 1253 998 1303 crinem
1035 1255 1099 1303 de
1137 1271 1274 1303 more
1310 1256 1514 1303 solutae.
1846 1271 1896 1313 35

219 1344 273 1383 ut
309 1353 427 1384 vero
463 1338 660 1385 Aeneas
697 1335 885 1385 foribus
923 1353 1031 1385 sese
1066 1335 1231 1384 intulit
1267 1335 1377 1385 altis

218 1417 472 1480 ingentem
507 1417 749 1482 gemitum
786 1418 942 1467 tunsis
978 1420 1043 1467 ad
1081 1418 1242 1467 sidera
1276 1420 1458 1467 tollunt

216 1499 517 1563 pectoribus,
558 1509 851 1563 maestoque
886 1499 1115 1563 immugit
1151 1500 1283 1564 regia
1318 1502 1468 1548 luctu.

219 1581 325 1645 ipse
361 1590 512 1645 caput
548 1580 680 1629 nivei
716 1582 898 1629 fultum
929 1581 1168 1630 Pallantis
1205 1590 1254 1630 et
1291 1598 1377 1630 ora

219 1671 273 1711 ut
309 1661 432 1711 vidit
468 1661 665 1725 levique
699 1672 876 1726 patens
913 1661 964 1710 in
1001 1672 1203 1727 pectore
1239 1664 1417 1710 vulnus
1845 1683 1899 1722 40

220 1744 439 1808 cuspidis
476 1744 744 1804 Ausoniae,
785 1745 998 1794 lacrimis
1034 1744 1103 1794 ita
1137 1747 1265 1793 fatur
1300 1744 1518 1793 obortis:

224 1830 394 1876 ‘tene'
431 1827 604 1891 inquit,
650 1827 958 1877 ‘miserande
993 1845 1128 1892 puer,
1169 1845 1284 1877 cum
1321 1829 1450 1876 laeta
1487 1825 1688 1886 veniret,

219 1909 395 1958 invidit
432 1912 652 1958 Fortuna
687 1909 822 1970 mihi,
863 1927 928 1959 ne
963 1927 1113 1973 regna
1148 1909 1340 1958 videres

219 2000 388 2040 nostra
422 2009 587 2054 neque
622 1993 687 2040 ad
724 1993 869 2040 sedes
903 1991 1062 2040 victor
1095 1993 1327 2040 veherere
1362 1991 1628 2054 paternas?

219 2092 323 2123 non
359 2075 483 2122 haec
521 2075 760 2123 Euandro
796 2075 861 2123 de
898 2083 947 2122 te
982 2073 1225 2137 promissa
1260 2071 1452 2136 parenti
1843 2089 1894 2130 45

220 2155 484 2204 discedens
521 2157 772 2215 dederam,
814 2172 930 2203 cum
967 2172 1048 2203 me
1085 2155 1373 2217 complexus
1410 2163 1613 2202 euntem

220 2235 435 2284 mitteret
470 2235 523 2283 in
559 2253 797 2299 magnum
832 2235 1096 2298 imperium
1133 2243 1462 2297 metuensque
1498 2242 1723 2282 moneret

218 2317 343 2366 acris
381 2335 489 2366 esse
523 2317 665 2377 viros,
707 2334 823 2365 cum
859 2319 982 2365 dura
1018 2316 1204 2380 proelia
1238 2325 1396 2379 gente.

221 2409 270 2448 et
306 2417 440 2447 nunc
476 2399 559 2448 ille
595 2399 801 2462 quidem
838 2416 925 2462 spe
962 2401 1174 2447 multum
1212 2407 1386 2461 captus
1422 2396 1559 2446 inani

220 2483 318 2529 fors
356 2490 404 2529 et
440 2490 555 2528 vota
589 2480 706 2528 facit
743 2482 1063 2542 cumulatque
1098 2479 1269 2527 altaria
1305 2478 1464 2538 donis,
1845 2497 1897 2537 50

220 2580 312 2610 nos
348 2562 579 2610 iuvenem
616 2562 900 2610 exanimum
938 2571 987 2609 et
1021 2561 1091 2608 nil
1127 2559 1226 2608 iarn
1262 2560 1558 2609 caelestibus
1594 2557 1704 2607 ullis

221 2644 491 2691 debentem
527 2660 657 2691 vano
694 2641 869 2691 maesti
905 2642 1201 2691 comitamur
1235 2642 1438 2689 honore.

221 2723 399 2782 infelix,
440 2723 543 2771 nati
579 2726 725 2772 funus
762 2725 961 2772 crudele
996 2722 1221 2772 videbis!

221 2805 273 2853 hi
310 2805 463 2854 nostri
500 2805 685 2854 reditus
724 2804 1093 2868 exspectatique
1130 2804 1407 2869 triumphi?

278 2949 409 3029 2ῥὶἒΙ-ξ54
433 2937 564 2975 MPR
729 2950 780 2985 23
810 2943 874 2975 est
895 2950 976 2975 om.
997 2936 1079 2974 PR
1191 2950 1242 2985 24
1263 2937 1333 2986 qui
1347 2935 1580 2974 Macrobius
1691 2944 1740 2982 54
1762 2944 1894 2982 exop-

223 2996 299 3029 tan
1861 3017 1864 3019 ,
