2014 3372
1384 164 1743 216 AENEIDOS
1780 165 1886 214 XII

228 319 282 358 ut
317 311 546 373 capulum
582 308 807 372 ignotum
843 308 1165 371 dextramque
1200 298 1387 370 aspexit
1423 306 1674 355 inermem.

226 393 356 439 fama
391 400 464 439 est
498 389 831 454 praecipitem,
870 407 984 438 cum
1021 389 1178 453 prima
1213 388 1264 437 in
1301 387 1484 452 proelia
1520 388 1713 437 iunctos
1808 406 1886 451 735

226 472 591 520 conscendebat
625 488 792 534 equos,
831 470 991 535 patrio
1027 487 1263 519 mucrone
1298 469 1480 528 relicto,

225 553 344 600 dum
381 551 603 615 trepidat,
641 554 822 600 ferrum
856 552 1054 615 aurigae
1088 551 1306 615 rapuisse
1344 550 1573 610 Metisci3

226 631 375 695 idque
410 633 509 692 diu,
549 635 669 682 dum
705 643 839 698 terga
875 634 1062 683 dabant
1097 632 1313 697 palantia
1348 632 1542 691 Teucri,

226 713 442 762 suffecit:
496 723 760 777 postquam
794 731 932 763 arma
966 714 1048 763 dei
1082 715 1148 762 ad
1183 712 1426 761 Volcania
1460 720 1662 760 ventum
1700 721 1786 770 est,

226 794 440 842 mortalis
478 812 648 844 mucro
682 796 863 859 glacies
899 813 991 844 ceu
1027 794 1197 844 futtilis
1234 794 1334 843 ictu
1812 810 1890 852 740

226 873 468 936 dissiluit,-
517 878 649 925 fulva
682 879 1000 940 resplendent
1035 876 1275 940 fragmina
1310 878 1506 925 harena.

225 973 339 1019 ergo
373 974 544 1005 amens
579 957 771 1007 diversa
805 961 919 1022 fuga
954 958 1076 1023 petit
1110 975 1326 1022 aequora
1361 960 1558 1006 Turnus

225 1045 273 1084 et
309 1054 440 1085 nunc
476 1039 586 1098 huc,
626 1038 744 1088 inde
779 1040 878 1088 huc
913 1039 1126 1088 incertos
1162 1038 1382 1102 implicat
1417 1038 1549 1087 orbis
1568 1056 1582 1098 3

226 1117 445 1180 undique
481 1118 612 1167 enirn
649 1121 804 1169 densa
840 1120 1021 1170 Teucri
1057 1120 1298 1169 inclusere
1333 1136 1517 1169 corona

224 1207 373 1261 atque
409 1199 524 1248 hinc
560 1210 696 1249 vasta
731 1203 885 1265 palus,
923 1201 1041 1250 hinc
1076 1204 1230 1251 ardua
1265 1201 1463 1250 moenia
1498 1200 1712 1265 cingunt.
1810 1219 1883 1262 745

245 1296 248 1299 ’
294 1280 401 1328 Nec
438 1280 599 1329 minus
636 1284 846 1342 Aeneas,
885 1300 1189 1346 quamquam
1225 1284 1415 1331 tardata
1449 1282 1623 1345 sagitta

225 1359 471 1409 interdurn
506 1379 667 1425 genua
701 1363 981 1426 impediunt
1017 1380 1315 1427 cursumque
1349 1373 1589 1423 recusant,

225 1441 497 1504 insequitur
531 1444 809 1508 trepidique
844 1447 1025 1508 pedem
1061 1447 1190 1509 pede
1226 1445 1439 1494 fervidus
1476 1454 1642 1508 urget:

224 1521 469 1571 inclusum
506 1524 655 1573 veluti
691 1525 731 1573 si
767 1527 970 1589 quando
1006 1526 1210 1574 flumine
1246 1535 1418 1574 nactus

224 1619 421 1651 cervum
457 1614 541 1652 aut
576 1606 816 1668 puniceae
852 1616 1077 1669 saeptum
1113 1607 1376 1656 formidine
1411 1623 1605 1670 pennae
1809 1626 1888 1670 750

223 1693 426 1732 venator
461 1701 604 1733 cursu
641 1686 775 1735 canis
812 1696 861 1735 et
896 1687 1148 1736 latratibus
1185 1687 1334 1736 instat
1348 1705 1363 1748 3

224 1763 303 1813 ille
338 1775 504 1814 autem
542 1766 731 1816 insidiis
767 1778 815 1816 et
851 1768 954 1831 ripa
990 1768 1181 1817 territus
1217 1770 1314 1817 alta

224 1845 356 1894 mille
392 1847 512 1910 fugit
551 1847 823 1912 refugitque
858 1849 974 1908 vias,
1013 1859 1062 1898 at
1098 1849 1289 1899 vividus
1327 1850 1516 1901 Vmber

223 1928 389 1976 haeret
426 1928 580 1988 hians,
620 1929 717 1978 iam
754 1930 952 1993 iamque
988 1940 1123 1979 tenet
1159 1931 1428 1994 similisque
1464 1931 1651 1980 tenenti

223 2007 463 2071 increpuit
500 2010 640 2058 malis
677 2027 942 2074 morsuque
979 2014 1142 2061 elusus
1178 2012 1312 2061 inani
1348 2022 1450 2062 est:
1807 2032 1882 2076 755

222 2097 327 2136 tum
362 2105 477 2138 vero
514 2090 725 2139 exoritur
760 2094 945 2141 clamor
979 2093 1211 2156 ripaeque
1246 2095 1481 2156 lacusque

222 2181 512 2232 responsant
548 2171 677 2220 circa
712 2182 759 2221 et
795 2175 986 2222 caelum
1023 2183 1161 2222 tonat
1197 2190 1347 2223 omne
1382 2176 1607 2224 tumultu.

222 2250 302 2299 ille
338 2251 481 2301 simul
518 2255 707 2319 fugiens
746 2259 959 2305 Rutulos
995 2256 1139 2305 simul
1175 2255 1394 2319 increpat
1429 2256 1590 2305 omnis

222 2333 423 2383 nomine
459 2353 708 2402 quemque
744 2357 926 2389 vocans
963 2348 1237 2401 notumque
1272 2337 1500 2400 efflagitat
1536 2354 1718 2387 ensem.

222 2414 417 2463 Aeneas
454 2427 662 2467 mortem
699 2430 870 2468 contra
905 2435 1236 2483 praesensque
1272 2417 1483 2466 minatur
1803 2426 1880 2477 760

222 2493 435 2555 exitium,
475 2497 515 2545 si
551 2499 812 2563 quisquam
848 2502 1007 2560 adeat,
1046 2508 1291 2563 terretque
1325 2497 1577 2547 trementis

222 2573 495 2626 excisurum
532 2580 705 2629 urbem
742 2580 974 2629 minitans
1010 2591 1058 2630 et
1094 2580 1288 2629 saucius
1322 2578 1483 2628 instat.

221 2653 441 2719 quinque
476 2659 607 2708 orbis
644 2663 840 2724 explent
875 2678 1020 2710 cursu
1056 2662 1365 2724 totidemque
1400 2669 1622 2709 retexunt

219 2735 319 2783 huc
355 2737 469 2787 illuc
487 2757 500 2799 3
549 2758 711 2804 neque
747 2742 879 2791 enim
916 2742 1040 2791 levia
1075 2752 1158 2790 aut
1194 2741 1381 2791 ludicra
1416 2750 1648 2805 petuntur

213 2867 218 2869 ’
242 2866 246 2867 ’
275 2854 465 2916 ’734-758
484 2866 642 2917 MPR3
675 2870 862 2919 759-764
883 2869 975 2908 MP
1189 2882 1266 2920 735
1296 2870 1478 2920 primum
1499 2869 1610 2919 PR7
1649 2883 1652 2885 ·
1718 2869 1772 2908 ad
1796 2869 1876 2924 ΡΥ

213 2930 296 2967 -741
330 2920 577 2970 resplendet
608 2922 797 2972 fragmen
827 2922 940 2962 M²R
1120 2937 1197 2973 744
1227 2924 1378 2963 Teucri
1409 2925 1542 2963 densa
1570 2922 1623 2961 M
1798 2926 1879 2973 746

220 2973 415 3012 tardante
434 2974 537 3013 ΜΨ
705 2989 782 3026 753
813 2990 861 3016 ac
881 2977 934 3016 M
937 2977 989 3016 ¹b¹
1156 2990 1233 3028 754
1263 2984 1417 3017 tenens
1438 2977 1501 3016 Rc
