2014 3372
194 156 255 203 Ῥ.
295 157 596 206 VERGILI
637 158 963 207 MARONIS

201 295 394 345 succiso
432 296 564 346 volvi
602 314 804 360 segnem
842 296 970 357 sinit,
1011 314 1247 362 armaque
1284 299 1452 347 Lauso
1803 314 1883 360 700

200 379 355 427 donat
392 379 575 427 habere
615 378 795 427 umeris
833 388 882 428 et
917 379 1099 428 vertice
1135 381 1284 442 figere
1320 378 1503 428 cristas,

198 477 292 509 nec
330 476 433 508 non
473 461 741 508 Euanthen
782 460 1049 524 Phrygium
1088 460 1379 524 Paridisque
1417 460 1665 509 Mimanta

198 543 458 604 aequalem
498 541 849 606 comitemque,
891 560 990 591 una
1027 559 1177 605 quem
1214 551 1362 591 nocte
1398 543 1609 590 Theano

158 660 161 662 μ
197 621 249 671 in
286 624 450 671 lucem
487 622 697 687 genitori
735 626 930 686 Amyco
967 623 1106 672 dedit
1143 633 1192 672 et
1228 625 1335 672 face
1370 637 1610 687 praegnas

199 703 383 754 Cisseis
421 704 588 768 regina
627 704 791 753 Parim
807 724 820 766 3
871 705 1006 754 Paris
1043 706 1165 754 urbe
1201 714 1404 768 paterna
1805 721 1882 764 705

198 787 425 846 occubat,
467 787 692 851 ignarum
733 790 954 836 Laurens
991 788 1143 836 habet
1179 804 1265 836 ora
1302 786 1561 835 Mimanta.

197 886 256 918 ac
292 871 426 918 velut
463 869 545 918 ille
583 886 765 918 canum
803 887 971 919 morsu
1008 871 1072 919 de
1108 869 1363 918 montibus
1399 868 1508 917 altis

197 959 337 1000 actus
374 968 502 1014 aper,
544 953 727 1000 multos
768 953 982 1000 Vesulus
1020 968 1170 1014 quem
1206 950 1385 1014 pinifer
1418 967 1578 999 annos

198 1032 423 1082 defendit
460 1034 745 1095 multosque
784 1035 925 1096 palus
965 1032 1245 1092 Laurentia,
1285 1034 1406 1080 silva

198 1123 367 1178 pastus
405 1113 726 1174 harundinea,
770 1123 1037 1178 postquam
1074 1113 1200 1162 inter
1235 1113 1356 1162 retia
1391 1122 1595 1162 ventum
1632 1121 1720 1173 est,
1805 1129 1884 1173 7¹0

199 1195 416 1244 substitit
455 1195 807 1259 infremuitque
844 1198 981 1245 ferox
1017 1205 1066 1244 et
1101 1195 1343 1244 inhorruit
1378 1212 1557 1255 armos,

200 1295 294 1326 nec
331 1277 563 1341 cuiquam
603 1277 746 1326 irasci
782 1277 1088 1342 propiusque
1123 1279 1362 1327 accedere
1397 1276 1561 1337 virtus,

201 1361 289 1409 sed
327 1358 498 1408 iaculis
537 1359 756 1424 tutisque
793 1362 966 1424 procul
1003 1360 1302 1409 clamoribus
1338 1359 1554 1421 instant3

201 1443 338 1491 haud
374 1441 525 1500 aliter,
567 1442 724 1491 iustae
762 1442 942 1506 quibus
981 1452 1055 1491 est
1094 1441 1371 1491 Mezentius
1409 1441 1522 1501 irae,

202 1540 305 1572 non
344 1523 429 1571 ulli
466 1532 540 1572 est
576 1523 772 1572 animus
809 1523 978 1572 stricto
1015 1541 1307 1573 concurrere
1342 1525 1482 1583 ferro,
1807 1539 1882 1584 715

204 1605 472 1654 missilibus
510 1607 658 1668 longe
695 1614 744 1654 et
779 1614 919 1654 vasto
958 1607 1173 1654 clamore
1210 1606 1472 1654 lacessunt.

200 1687 282 1736 ille
320 1696 488 1736 autem
524 1686 804 1750 impavidus
841 1686 991 1751 partis
1029 1696 1288 1735 cunctatur
1323 1686 1375 1735 in
1411 1685 1575 1735 omnis

204 1768 437 1818 dentibus
474 1767 761 1817 infrendens
799 1777 848 1817 et
884 1777 1020 1831 tergo
1058 1768 1247 1817 decutit
1282 1770 1460 1817 hastas.

272 1853 490 1899 Venerat
525 1849 741 1913 antiquis
780 1849 987 1912 Corythi
1024 1851 1088 1899 de
1125 1849 1308 1898 finibus
1344 1853 1528 1909 Acron,

204 1931 381 1982 Graius
418 1933 586 1992 homo,
627 1931 836 1979 infectos
875 1930 1105 1994 linquens
1143 1933 1379 1994 profugus
1415 1934 1752 1994 hymenaeos;
1807 1947 1886 1990 720

202 2016 337 2062 hunc
374 2012 461 2062 ubi
497 2013 791 2062 miscentem
828 2014 976 2076 longe
1015 2013 1181 2061 media
1217 2012 1416 2076 agmina
1450 2007 1586 2071 vidit,

201 2112 503 2158 purpureum
540 2094 717 2158 pennis
755 2103 804 2143 et
839 2103 1017 2157 pactae
1054 2093 1277 2156 coniugis
1314 2103 1462 2153 ostro,

201 2177 440 2240 impastus
478 2177 673 2225 stabula
709 2178 808 2224 alta
845 2178 925 2224 leo
965 2192 1056 2224 ceu
1096 2192 1243 2238 saepe
1280 2192 1542 2239 peragrans

202 2257 399 2323 (suadet
436 2258 568 2307 enim
606 2274 789 2306 vesana
827 2257 1020 2322 fames),
1063 2256 1103 2306 si
1139 2259 1265 2306 forte
1301 2259 1527 2320 fugacem

201 2339 458 2404 conspexit
496 2357 726 2404 capream
765 2348 850 2388 aut
891 2349 1173 2402 surgentem
1211 2339 1262 2387 in
1299 2356 1486 2388 cornua
1522 2355 1736 2398 cervum,
1804 2347 1880 2400 7²5

201 2424 384 2485 gaudet
421 2421 562 2470 hians
601 2421 821 2470 immane
861 2438 1132 2484 comasque
1169 2420 1344 2469 arrexit
1381 2430 1429 2469 et
1465 2422 1634 2469 haeret

201 2503 469 2553 visceribus
508 2520 655 2567 super
695 2503 1186 2553 accumbens—lavit
1223 2502 1451 2567 improba
1488 2511 1644 2551 taeter

202 2603 287 2635 ora
324 2603 534 2635 cruor——

202 2668 272 2717 sic
308 2668 403 2717 ruit
439 2669 490 2717 in
529 2672 712 2719 densos
752 2673 912 2720 alacer
953 2671 1230 2721 Mezentius
1268 2668 1437 2719 hostis.

193 2751 433 2801 sternitur
470 2752 638 2801 infelix
675 2756 844 2802 Acron
882 2762 931 2803 et
968 2754 1185 2803 calcibus
1221 2762 1375 2802 atram
1807 2767 1884 2810 730

259 2875 448 2912 700-730
473 2862 603 2901 MPR
829 2876 906 2912 704
937 2863 1130 2912 genitore
1151 2863 1315 2912 Bentley
1475 2871 1552 2911 705
1584 2859 1702 2899 Paris
1723 2856 1885 2898 com'ec'ae't

203 2916 390 2967 Bentley:
417 2924 533 2957 creat
551 2916 662 2957 codd.
685 2917 769 2957 nisi
782 2917 895 2968 quod
911 2923 1056 2967 crepat
1073 2916 1126 2954 M
1130 2917 1140 2938 ¹
1155 2917 1338 2967 praebet:
1365 2915 1536 2954 voluisse
1547 2919 1714 2966 poetam
1736 2913 1882 2963 regina

193 2977 319 3010 creat
339 2987 348 3010 ι
381 2972 500 3012 Paris
514 2977 642 3024 putat
659 2972 713 3011 R.
737 2972 842 3011 Ellis
1050 2985 1129 3022 709
1159 2970 1280 3022 -que]
1303 2984 1374 3010 -ve
1393 2969 1436 3008 P
1637 2981 1715 3018 710
1745 2969 1882 3017 pascit

204 3025 371 3077 Bentley
562 3040 640 3077 712
673 3027 796 3077 -que]
819 3040 888 3065 -ve
911 3025 1064 3064 MRfflc
1194 3030 1290 3076 post
1309 3038 1386 3074 713
1408 3037 1470 3064 vv.
1497 3035 1591 3072 717,
1610 3025 1688 3072 718
1708 3022 1884 3061 conlocat

205 3078 395 3132 Scalzjger,
411 3082 563 3133 probat
580 3081 750 3119 Ribbeck
876 3094 951 3130 727
982 3081 1234 3118 incumbens
1257 3079 1351 3129 M7²
1464 3078 1682 3127 improbus
1702 3082 1796 3116 ater
1812 3074 1880 3113 M³
