2014 3372
216 137 270 187 P.
309 139 609 188 VERGILI
651 139 977 189 MARONIS

209 280 420 331 accestis
460 283 705 344 scopulos,
746 298 834 329 vos
872 290 920 330 et
958 280 1198 345 Cyclopia
1234 298 1349 331 saxa

215 363 431 427 experti:
482 372 710 412 revocate
746 361 940 412 animos
977 372 1324 427 maestumque
1360 362 1590 413 timorem

214 445 426 507 mittite3
476 447 639 493 forsan
679 453 728 493 et
764 446 889 493 haec
925 444 1046 493 olim
1083 444 1369 493 meminisse
1404 444 1605 494 iuvabit.

214 544 300 590 per
335 526 495 575 varios
534 543 690 585 casus,
732 542 820 588 per
856 535 930 575 tot
966 525 1253 575 discrimina
1290 543 1453 574 rerum

214 607 466 657 tendimus
503 607 555 655 in
596 607 808 666 Latium,
851 608 994 656 sedes
1032 606 1119 656 ubi
1156 609 1255 656 fata
1292 606 1482 670 quietas
1819 627 1896 670 205

137 742 139 744 ,
214 691 487 739 ostendunt
505 708 518 750 3
568 688 667 738 illic
704 691 776 738 fas
807 705 964 754 ‘regna
1000 706 1250 753 resurgere
1286 688 1478 738 Troiae.

214 773 400 830 durate,
441 780 490 820 et
524 780 718 820 vosmet
755 771 902 820 rebus
940 779 1128 819 servate
1164 767 1428 819 secundisss'

282 853 425 902 Talia
460 869 584 902 voce
620 854 766 901 refert
802 852 1033 916 curisque
1068 851 1352 916 ingentibus
1388 869 1533 916 aeger

215 952 356 998 spem
393 937 531 984 vultu
569 934 780 994 simulat,
820 934 999 998 premit
1035 937 1191 984 altum
1228 936 1379 984 corde
1415 936 1654 983 dolorem.

214 1016 282 1065 illi
320 1033 373 1066 se
409 1018 622 1080 praedae
659 1016 926 1080 accingunt
963 1015 1278 1080 dapibusque
1314 1015 1521 1065 futuris:
1818 1037 1898 1066 210

212 1110 404 1163 tergora
441 1098 678 1163 diripiunt
716 1098 865 1148 costis
903 1107 951 1147 et
987 1098 1174 1147 viscera
1210 1099 1402 1147 nudant
1419 1115 1433 1158 3

210 1198 322 1244 pars
358 1181 410 1229 in
446 1182 598 1229 frusta
635 1189 804 1230 secant
839 1179 1137 1243 veribusque
1173 1179 1434 1228 trementia
1468 1182 1638 1244 figunt,

211 1263 354 1312 litore
390 1265 516 1311 aena
551 1264 719 1311 locant
755 1261 837 1310 alii
874 1263 1200 1324 flammasque
1237 1259 1527 1309 ministrant.

212 1354 319 1394 tum
355 1345 488 1394 victu
526 1354 760 1394 revocant
798 1343 924 1404 viris,
966 1343 1162 1407 fusique
1198 1361 1284 1408 per
1320 1345 1527 1393 herbam

209 1427 479 1492 implentur
515 1427 691 1476 veteris
733 1426 919 1476 Bacchi
955 1426 1253 1490 pinguisque
1289 1426 1485 1475 ferinae.
1816 1448 1892 1488 215

203 1517 477 1573 postquam
515 1518 746 1573 exempta
782 1511 938 1557 fames
976 1508 1134 1572 epulis
1173 1525 1476 1571 mensaeque
1512 1518 1746 1569 remotae,

210 1591 418 1640 amissos
455 1592 606 1655 longo
643 1589 806 1639 socios
844 1607 1073 1639 sermone
1110 1590 1377 1654 requirunt,

209 1690 452 1737 spemque
490 1681 782 1736 metumque
818 1671 945 1721 inter
981 1671 1135 1731 dubii,
1177 1688 1265 1721 seu
1302 1671 1464 1721 vivere
1500 1674 1706 1722 credant

209 1755 310 1804 sive
347 1765 564 1805 extrema
600 1755 702 1819 pati
740 1772 833 1804 nec
869 1756 968 1805 iam
1005 1755 1238 1805 exaudire
1275 1765 1491 1805 vocatos.

207 1836 472 1901 praecipue
508 1836 619 1901 pius
655 1840 853 1886 Aeneas
891 1854 1026 1886 nunc
1063 1836 1187 1886 acris
1227 1836 1418 1896 Oronti,
1494 1847 1496 1849 ’
1816 1858 1894 1887 220

199 1936 342 1968 nunc
378 1918 557 1982 Amyci
596 1935 766 1968 casum
802 1918 954 1983 gemit
992 1928 1041 1968 et
1077 1919 1297 1968 crudelia
1336 1936 1507 1968 secum

207 2002 307 2049 fata
344 2000 463 2064 Lyci
499 2002 778 2064 fortemque
817 2002 960 2064 Gyan
997 2003 1278 2064 fortemque
1318 2002 1655 2061 Cloanthum„

277 2085 342 2131 Et
378 2082 477 2131 iam
513 2082 624 2131 finis
662 2092 777 2142 erat,
819 2099 934 2131 cum
974 2082 1199 2146 Iuppiter
1235 2085 1435 2132 aethere
1473 2099 1671 2133 summo

207 2164 475 2227 dispiciens
513 2181 647 2213 mare
683 2164 950 2213 velivolum
989 2174 1242 2228 terrasque
1279 2164 1483 2214 iacentis

207 2246 449 2309 litoraque
486 2255 535 2294 et
570 2248 695 2295 latos
733 2247 959 2309 populos,
1001 2246 1071 2294 sic
1110 2247 1293 2295 vertice
1329 2246 1453 2296 caeli
1813 2258 1889 2308 225

206 2327 429 2376 constitit
465 2337 513 2377 et
551 2327 738 2390 Libyae
775 2327 945 2376 defixit
983 2328 1172 2377 lumina
1208 2329 1383 2394 regnis.
1829 2342 1832 2344 “

208 2418 356 2472 atque
392 2408 532 2458 illum
569 2408 677 2457 talis
715 2408 981 2458 iactantem
1021 2420 1223 2474 pectore
1260 2428 1400 2460 curas

207 2490 388 2539 tristior
424 2500 472 2540 et
508 2490 720 2540 lacrimis
758 2494 929 2541 oculos
970 2495 1155 2543 suffusa
1191 2494 1392 2543 nitentis

206 2573 492 2637 adloquitur
526 2576 728 2622 Venus:
784 2580 841 2625 ‘o
879 2576 965 2640 qui
1002 2595 1078 2627 res
1117 2577 1481 2640 hominumque
1517 2578 1771 2640 deumque

208 2655 418 2704 aeternis
455 2655 579 2719 regis
616 2656 834 2720 imperiis
874 2668 923 2707 et
960 2659 1168 2708 fulmine
1205 2668 1368 2718 terreS‚
1812 2676 1889 2717 230

209 2736 330 2800 quid
367 2754 506 2786 meus
543 2741 740 2788 Aeneas
777 2739 830 2787 in
869 2750 917 2789 te
958 2741 1268 2790 committere
1306 2749 1511 2799 tanturn,

264 2882 454 2920 201—231
486 2871 614 2911 FMR
861 2885 944 2922 209
973 2873 1114 2911 vultus
1146 2873 1189 2911 F
1189 2871 1283 2923 ¹7¹c¹
1395 2871 1480 2910 alto
1515 2869 1729 2920 oblongus
1765 2866 1895 2906 Pierii

210 2935 287 2962 211
321 2925 536 2973 deripiunt
560 2927 762 2966 Heinsius
795 2928 871 2966 alii
1032 2940 1113 2976 224
1144 2926 1398 2977 dispiciens]
1433 2924 1522 2964 vide
1553 2923 1803 2962 Lachmann
1832 2920 1892 2962 ad

210 2978 366 3018 Lucret.
391 2980 442 3020 iv.
459 2984 560 3031 418:
596 2982 838 3032 despiciens
860 2981 1004 3021 codices
1005 2983 1096 3032 fere
1114 2994 1256 3020 omnes
1274 2980 1442 3020 editores
1453 2979 1637 3030 plerique
1802 2989 1888 3026 229

211 3033 444 3087 deumque]
467 3038 730 3086 deorumque
753 3041 799 3075 ut
817 3037 857 3075 ii.
884 3049 961 3086 745
982 3037 1112 3075 voluit
1130 3035 1301 3086 Bentley
1307 3035 1489 3085 fortasse
1510 3037 1606 3072 recte
