2014 3372
1378 149 1740 198 AENEIDOS
1776 150 1824 195 V

152 287 337 352 primus
373 297 422 338 et
460 286 717 347 Ascanius,
756 303 928 335 cursus
964 296 1019 335 ut
1039 288 1211 335 *laetus
1247 286 1486 349 equestris

152 370 380 429 ducebat,
420 370 490 418 sic
525 385 638 417 acer
673 385 804 431 equo
840 369 1036 416 turbata
1071 367 1244 431 petivit

152 460 321 510 castra,
360 467 453 499 nec
488 450 738 499 exanimes
775 458 985 513 possunt
1021 449 1230 498 retinere
1268 449 1497 512 magistri.

156 531 290 594 ‘quis
316 534 448 580 furor
472 531 564 580 iste
588 548 746 580 novus
762 534 784 579 ?
820 548 921 594 quo
946 547 1094 590 nunc,
1125 548 1225 594 quo
1252 531 1454 580 tenditis
1470 534 1481 555 '
1505 531 1679 594 inquit,
1743 540 1823 592 670

155 613 292 670 ‘heu,
333 612 538 661 miserae
575 611 743 660 cives?
792 629 895 660 non
932 613 1128 660 hostem
1166 611 1467 675 inimicaque
1502 620 1660 660 castra

149 692 399 756 Argivum,
440 703 623 741 vestras
661 709 773 755 spes
810 693 959 741 uritis.
1036 711 1111 753 en,
1152 710 1244 756 ego
1279 703 1440 742 vester

149 773 392 821 Ascanius
414 775 449 821 1²
485 803 547 809 -
587 775 779 835 galeam
814 783 930 822 ante
967 776 1120 836 pedes
1158 774 1365 836 proiecit
1398 773 1614 834 inanem,

150 870 247 916 qua
282 855 401 902 ludo
436 853 639 902 indutus
676 854 793 902 belli
829 854 1089 903 simulacra
1124 856 1299 904 ciebat.

148 936 387 983 accelerat
423 935 569 983 simul
605 938 815 995 Aeneas,
856 936 1002 983 simul
1037 937 1236 1000 agmina
1271 939 1535 985 Teucrum.
1740 944 1818 998 675

146 1025 221 1063 ast
256 1015 368 1064 illae
403 1016 596 1065 diversa
631 1026 767 1066 metu
803 1034 890 1080 per
926 1018 1067 1066 litora
1103 1018 1286 1081 passim

147 1096 423 1160 diffugiunt,
462 1097 708 1160 silvasque
743 1107 793 1146 et
829 1098 989 1147 sicubi
1026 1116 1245 1148 concava
1279 1099 1448 1148 furtim

147 1193 262 1225 saxa
295 1187 471 1241 petunt
487 1197 501 1239 3
548 1179 682 1242 piget
717 1178 903 1242 incepti
939 1180 1176 1243 lucisque,
1216 1197 1433 1243 suosque

148 1268 364 1308 mutatae
387 1269 664 1322 agnoscunt
700 1277 1004 1323 excussaque
1039 1271 1240 1323 pectore
1278 1264 1409 1310 Iuno
1445 1270 1533 1309 est.

217 1342 317 1388 Sed
353 1357 455 1389 non
492 1340 678 1389 idcirco
714 1343 916 1390 flamma
950 1351 1100 1404 atque
1136 1342 1370 1391 incendia
1404 1341 1517 1390 viris
1737 1351 1817 1393 680

146 1419 412 1469 indomitas
447 1438 691 1484 posuere;
738 1424 843 1471 udo
878 1423 972 1471 sub
1007 1424 1185 1472 robore
1220 1423 1338 1471 vivit

146 1511 324 1564 stuppa
358 1519 565 1551 vomens
603 1504 797 1551 tardum
835 1505 1044 1563 fumum,
1084 1506 1347 1566 lentusque
1383 1503 1573 1553 carinas

145 1591 219 1630 est
252 1599 405 1646 vapor
440 1592 490 1631 et
524 1592 632 1632 toto
668 1583 930 1632 descendit
964 1601 1172 1647 corpore
1207 1584 1372 1647 pestis,

144 1680 237 1711 nec
271 1663 396 1713 vires
432 1666 641 1713 heroum
678 1664 940 1728 infusaque
975 1665 1184 1713 flumina
1218 1675 1438 1728 prosunt.

144 1753 248 1792 tum
284 1749 394 1808 pius
430 1749 628 1794 Aeneas
664 1746 848 1794 umeris
882 1746 1177 1795 abscindere
1212 1757 1400 1796 vestem
1733 1758 1811 1810 685

142 1825 422 1889 auxilioque
457 1843 632 1875 vocare
668 1829 791 1876 deos
828 1837 876 1876 et
912 1829 1117 1877 tendere
1153 1830 1371 1891 palmas:
1535 1823 1538 1825 Α

144 1907 396 1970 ‘Iuppiter
430 1907 761 1971 omnipotens,
802 1908 843 1956 si
879 1910 1106 1957 nondum
1144 1926 1323 1958 exosus
1359 1912 1425 1959 ad
1462 1927 1620 1960 unum

141 1986 396 2047 Troianos,
437 1988 477 2036 si
514 1988 634 2051 quid
670 1989 828 2052 pietas
864 1990 1070 2052 antiqua
1106 1990 1301 2039 labores

140 2067 335 2129 respicit
371 2070 631 2128 humanos,
671 2071 736 2117 da
772 2072 1023 2117 flammam
1061 2072 1268 2119 evadere
1306 2071 1450 2119 classi
1526 2067 1530 2070 ’

139 2166 285 2207 nunc,
324 2159 473 2212 pater,
514 2160 562 2199 et
598 2150 759 2199 tenuis
795 2153 1045 2200 Teucrum
1082 2168 1157 2200 res
1194 2151 1326 2214 eripe
1362 2154 1474 2202 leto.
1729 2162 1810 2216 690

138 2232 215 2278 vel
251 2240 318 2290 tu,
357 2233 494 2293 quod
531 2242 765 2295 superest,
805 2232 985 2281 infesto
1022 2233 1229 2282 fulmine
1266 2234 1427 2294 morti,

138 2310 178 2358 si
215 2329 418 2372 mereor,
458 2313 663 2362 demitte
700 2323 884 2378 tuaque
920 2315 1001 2363 hic
1038 2316 1193 2364 obrue
1229 2318 1429 2364 dextra)

137 2391 215 2439 vix
251 2394 374 2441 haec
410 2393 630 2443 ediderat
667 2412 781 2443 cum
819 2395 983 2444 effusis
1021 2395 1261 2444 imbribus
1298 2406 1401 2444 atra

137 2481 402 2536 tempestas
439 2475 544 2523 sine
580 2493 716 2524 more
753 2476 866 2524 furit
903 2476 1187 2539 tonitruque
1224 2486 1525 2527 tremescunt

134 2557 289 2603 ardua
324 2565 558 2604 terrarum
595 2566 643 2605 et
680 2557 875 2620 campi;
924 2557 1018 2605 ruit
1053 2559 1251 2606 aethere
1288 2567 1393 2607 toto
1724 2569 1802 2623 695

136 2635 360 2684 turbidus
397 2637 554 2686 imber
588 2654 717 2700 aqua
753 2638 1019 2701 densisque
1055 2638 1343 2702 nigerrimus
1380 2639 1586 2700 Austris,

135 2715 499 2779 implenturque
535 2735 681 2781 super
717 2736 921 2782 puppes,
963 2730 1180 2768 semusta
1218 2722 1510 2770 madescunt

189 2845 377 2894 667-697
400 2843 531 2882 MPR
731 2848 813 2885 680
843 2848 1008 2886 flamma
1029 2846 1111 2886 Pl:
1147 2849 1354 2888 flammam
1378 2848 1579 2900 M¹P²71:
1611 2852 1802 2891 flammae

136 2895 346 2949 M'2R72bn·
493 2901 574 2947 685
604 2900 836 2939 excindere
853 2900 905 2937 M
1077 2902 1157 2952 687
1189 2904 1362 2942 exosu’s
1382 2904 1552 2943 Ribbeck
1721 2909 1801 2957 695

136 2952 294 3001 campis
315 2951 368 2989 M
372 2952 427 2990 ιΡ
443 2953 505 3005 (in
527 2957 693 3004 rasura)
715 2954 762 3006 γ1
