2020 3372
216 143 273 190 P.

319 143 618 191 VERGILI
660 144 918 193 MARON
925 145 986 193 IS

327 300 477 347 quern
513 284 653 347 fugis,
687 302 730 344 a,
767 287 1013 335 demens?
1048 286 1332 337 habitarunt
1363 288 1414 338 di
1444 305 1644 353 quoque
1677 289 1822 340 silvas
1848 298 1903 341 60

250 408 253 411 ,
325 364 714 428 Dardaniusque
754 365 902 414 Paris.
979 369 1139 416 Pallas
1178 384 1300 431 quas
1338 369 1564 419 condidit
1598 363 1735 420 arces

210 1874 271 2073 ἒῦξ

211 2603 270 2644 Μ.

320 446 427 509 ipsa
464 448 627 508 colat,
672 447 817 496 nobis
856 450 1084 511 placeant
1120 459 1235 499 ante
1274 451 1442 500 omnia
1479 451 1641 501 silvae.

319 536 456 575 torva
493 529 666 576 leaena
708 530 882 590 lupum
922 529 1155 592 sequitur,
1197 533 1356 594 lupus*
1381 532 1487 595 ipse
1523 535 1778 596 capellam,

318 609 579 657 florentem
621 609 831 671 cytisum
874 611 1093 674 sequitur
1132 612 1314 661 lasciva
1352 616 1553 678 capella,

318 699 366 738 te
404 692 654 754 Corydon,
699 709 729 740 o
767 692 942 741 Alexi:
982 694 1129 742 trahit
1167 712 1256 743 sua
1292 712 1542 760 quemque
1577 699 1817 761 voluptas.
1847 707 1898 760 65

316 771 496 834 aspice,
537 782 694 821 aratra
733 772 849 836 iugo
886 776 1102 824 referunt
1140 793 1380 840 suspensa
1416 777 1625 838 iuvenci,

317 862 365 901 et
403 855 477 902 sol
519 854 783 903 crescentis
825 857 1077 905 decedens
1118 857 1339 921 duplicat
1376 859 1609 908 umbras:

320 952 400 983 me
438 944 606 984 tamen
646 936 740 985 urit
777 953 948 986 amor:
987 938 1098 1001 quis
1136 938 1269 987 enim
1308 941 1487 989 modus
1523 940 1654 989 adsit
1688 941 1883 991 amori?

320 1034 361 1076 a,
406 1018 656 1080 Corydon,
700 1019 951 1081 Corydon,
992 1035 1120 1082 quae
1157 1029 1206 1068 te
1243 1021 1496 1069 dementia
1532 1021 1692 1085 cepit!

318 1098 617 1161 semiputata
654 1099 743 1149 tibi
780 1102 1018 1149 frondosa
1054 1101 1165 1150 vitis
1202 1101 1253 1150 in
1290 1103 1427 1151 ulmo
1465 1112 1571 1151 est:
1850 1122 1901 1165 70

321 1179 441 1243 quin
479 1189 532 1228 tu
569 1180 756 1244 aliquid
794 1183 969 1230 saltem
1006 1182 1185 1245 potius,
1226 1198 1438 1245 quorum
1475 1182 1664 1246 indiget
1700 1200 1832 1244 usuS‚

319 1260 587 1310 viminibus
626 1262 865 1325 mollique
900 1279 1042 1326 paras
1081 1264 1310 1312 detexere
1348 1263 1539 1312 iunco?

320 1342 542 1393 invenies
578 1342 745 1399 alium,
784 1342 823 1391 si
862 1351 911 1392 te
946 1343 1030 1392 hic
1065 1343 1267 1404 fastidit,
1307 1344 1535 1395 Alexim.'

856 1617 1141 1667 ECLOGA
1179 1619 1263 1666 III

540 1759 818 1794 MENALCAS
911 1760 1192 1794 DAMOETAS
1288 1761 1576 1797 PALAEMON

389 1864 491 1911 ch
528 1861 663 1922 mihi,
704 1865 965 1922 Damoeta,
1006 1862 1174 1911 cuium
1211 1848 1504 1927 pecus?⁴an
1543 1863 1822 1914 Meliboei?

316 1948 448 2004 Non,
492 1961 662 1993 verum
701 1944 952 2007 Aegonis,-
988 1962 1146 2008 nuper
1183 1945 1305 1993 mihi
1342 1945 1543 1995 tradidit
1579 1949 1770 2010 Aegon.

315 2025 493 2075 Infelix
530 2042 560 2074 o
600 2041 805 2087 semper,
849 2042 980 2085 oves,
1020 2029 1205 2088 pecus!
1242 2026 1347 2089 ipse
1386 2028 1632 2075 Neaeram

313 2109 435 2157 dum
471 2108 605 2154 fovet
641 2123 699 2154 ac
737 2123 801 2155 ne
839 2123 919 2155 me
957 2106 1052 2155 sibi
1088 2108 1329 2169 praeferat
1364 2106 1447 2155 illa
1482 2116 1688 2168 veretur,

312 2189 394 2237 hic
430 2188 618 2236 alienus
657 2187 761 2237 ovis
803 2197 969 2237 custos
1007 2188 1084 2237 bis
1123 2190 1309 2252 mulget
1346 2188 1397 2236 in
1433 2191 1567 2249 hora,
1869 2210 1892 2251 5

313 2280 362 2320 et
398 2286 543 2319 sucus
581 2269 749 2333 pecori
788 2279 837 2318 et
874 2272 951 2318 lac
990 2269 1284 2319 subducitur
1319 2270 1470 2333 agnis.

314 2351 513 2405 Parcius
550 2351 642 2400 ista
678 2351 791 2400 viris
833 2361 1000 2401 tamen
1041 2351 1307 2401 obicienda
1343 2362 1610 2402 memento.

312 2433 541 2483 novimus
579 2442 627 2482 et
664 2432 749 2496 qui
788 2442 837 2482 te
877 2443 1150 2483 transversa
1189 2433 1443 2483 tuentibus
1480 2434 1626 2483 hircis

313 2525 362 2565 et
398 2517 659 2579 quo--sed
699 2516 865 2565 faciles
909 2519 1175 2581 Nymphae
1213 2516 1623 2566 risere—sacello.

313 2601 458 2658 Tum,
501 2599 664 2658 credo,
708 2616 823 2648 cum
863 2617 944 2648 me
985 2600 1241 2649 arbustum
1278 2599 1444 2648 videre
1482 2598 1700 2648 Miconis
1843 2619 1892 2646 10

312 2689 461 2743 atque
499 2683 628 2729 mala
665 2681 775 2730 vitis
816 2681 1035 2731 incidere
1075 2684 1199 2731 falce
1236 2683 1468 2730 novellas.

265 2813 402 2861 60—73
423 2811 505 2850 PR
740 2815 789 2852 61
812 2827 922 2863 quae
938 2814 980 2851 R
1105 2827 1157 2863 70
1177 2819 1243 2853 est
1256 2827 1337 2852 om.
1355 2813 1399 2850 P
1520 2826 1570 2862 73
1591 2812 1740 2852 Alexis
1758 2811 1897 2862 P27bc

269 2866 345 2906 ΙΙΙ.
391 2880 489 2905 1—11
524 2867 606 2906 PR
830 2870 857 2906 6
887 2868 969 2907 lact
989 2867 1071 2915 P1;
1103 2868 1151 2918 cf.
1176 2868 1261 2909 Ecl.
1287 2868 1327 2907 ii.
1352 2881 1404 2906 22
1569 2870 1594 2906 8
1624 2867 1782 2906 hircuis
1801 2867 1887 2906 P1:

212 2921 374 2969 hirquis
414 2921 630 2972 oblongus
664 2922 799 2971 Pierii,
836 2927 1068 2973 agnoscunt
1101 2922 1216 2963 Serv.
1247 2921 1548 2974 Philargym'us.
1593 2923 1603 2942 ‘
1619 2921 1757 2971 hirqui
1793 2927 1892 2960 sunt

213 2975 430 3014 oculorum
453 2977 597 3026 anguli
611 2975 620 2988 ’
643 2976 867 3016 Suetonius
887 2983 953 3028 ap.
977 2976 1092 3016 Serv.
