2014 3372
1327 148 1688 198 AENEIDOS
1724 148 1831 198 XII

166 290 266 341 iam
301 290 456 355 magis
490 299 640 354 atque
674 287 842 353 magis,
882 288 1131 353 serpitque
1165 306 1252 352 per
1286 286 1483 352 agmina
1517 304 1765 337 murmur:

167 371 261 435 ipsi
297 374 567 420 Laurentes
602 370 778 419 mutati
812 369 1006 433 ipsique
1042 369 1217 418 Latini.
1755 387 1833 428 240

168 453 254 516 qui
290 452 383 501 sibi
418 453 515 501 iam
552 452 772 516 requiem
808 469 1004 516 pugnae
1039 453 1285 515 rebusque
1321 454 1529 500 salutem

169 535 444 597 sperabant,
483 551 616 582 nunc
651 550 787 581 arma
820 534 994 581 volunt
1028 534 1304 596 foedusque
1339 542 1599 596 precantur

168 614 405 663 infectum
442 624 490 663 et
525 613 681 662 Turni
717 623 899 663 sortem
935 614 1226 663 miserantur
1260 614 1494 677 iniquam.

169 695 245 745 his
281 695 415 744 aliud
451 695 609 745 maius
647 698 853 744 Iuturna
886 695 1110 759 adiungit
1146 705 1195 744 et
1229 697 1329 745 alto

131 818 134 821 ,
170 779 255 826 dat
291 776 484 839 signum
521 779 674 836 cae10‚
711 793 812 839 quo
848 793 950 826 non
986 777 1290 839 praesentius
1326 778 1482 825 ullum
1757 791 1833 833 245

170 857 381 906 turbavit
417 866 607 906 mentes
646 859 795 905 Italas
831 867 1154 920 monstroque
1189 857 1371 906 fefellit.

171 954 387 1000 namque
422 939 593 986 volans
630 938 776 986 rubra
811 940 971 986 fulvus
1009 937 1141 986 Iovis
1177 940 1278 986 ales
1313 937 1365 986 in
1400 939 1569 986 aethra

170 1018 364 1066 litoreas
401 1017 615 1080 agitabat
651 1017 753 1066 avis
790 1018 1085 1080 turbamque
1121 1027 1382 1067 sonantem

169 1098 377 1162 agminis
412 1097 591 1161 aligeri,
632 1098 796 1146 subito
833 1115 947 1147 cum
984 1100 1149 1161 lapsus
1185 1101 1250 1147 ad
1285 1100 1444 1147 undas

171 1195 381 1241 cycnum
418 1180 740 1227 excellentem
779 1178 991 1241 pedibus
1027 1179 1152 1242 rapit
1187 1178 1441 1242 improbus
1478 1177 1630 1226 uncis.
1758 1195 1837 1236 250

171 1276 388 1308 arrexere
424 1259 617 1308 animos
655 1259 782 1319 Itali,
822 1269 1130 1323 cunctaeque
1164 1261 1387 1308 volucres

172 1349 464 1388 convertunt
500 1342 714 1389 clamore
750 1342 915 1404 fugam
954 1340 1196 1405 (mirabile
1231 1339 1373 1403 visu),

172 1422 470 1483 aetheraque
506 1422 772 1469 obscurant
808 1420 985 1484 pennis
1020 1423 1316 1483 hostemque
1351 1437 1438 1483 per
1471 1436 1613 1468 auras

171 1490 300 1549 facta
334 1501 469 1550 nube
504 1511 748 1564 premunt,
788 1504 951 1551 donec
987 1501 1035 1549 vi
1070 1501 1226 1550 victus
1263 1511 1312 1550 et
1346 1501 1455 1564 ipso

172 1583 394 1645 pondere
430 1582 611 1631 defecit
646 1584 984 1645 praedamque
1021 1600 1080 1631 ex
1114 1581 1362 1645 unguibus
1397 1583 1499 1630 ales
1760 1601 1835 1642 255

172 1662 378 1725 proiecit
414 1662 579 1722 fluvio,
617 1662 916 1726 penitusque
952 1662 1004 1711 in
1040 1662 1211 1711 nubila
1245 1661 1379 1725 fugit.

241 1745 373 1791 Tum
408 1759 524 1792 vero
560 1743 817 1806 augurium
856 1744 1031 1792 Rutuli
1066 1746 1281 1792 clamore
1318 1745 1530 1791 salutant

174 1824 542 1888 expediuntque
578 1841 768 1883 manus,
806 1824 1094 1887 primusque
1129 1823 1426 1873 Tolumnius
1462 1840 1615 1886 augur

177 1908 304 1954 ‘hoc
340 1914 456 1965 erat,
494 1907 608 1965 hoc,
643 1905 798 1954 votis⁷
834 1905 995 1968 inquit
1036 1906 1199 1968 ‘quod
1236 1921 1382 1967 saepe
1417 1904 1580 1967 petivi.

174 1986 364 2049 accipio
400 2002 718 2049 agnoscoque
755 1987 911 2047 deos,
959 2003 1053 2045 me,
1093 2002 1173 2033 me
1209 1987 1337 2034 duce
1372 1987 1553 2033 ferrum
1762 1993 1840 2035 260

175 2066 415 2129 corripite,
455 2083 486 2114 o
523 2066 699 2126 miseri,
740 2083 865 2130 quos
902 2066 1157 2129 improbus
1192 2067 1386 2114 advena
1421 2066 1552 2114 bello

175 2147 358 2196 territat
394 2146 633 2196 invalidas
669 2157 723 2195 ut
758 2147 874 2206 avis,
914 2156 962 2196 et
998 2147 1140 2196 litora
1174 2155 1334 2196 vestra

174 2227 222 2276 vi
256 2230 473 2291 populat.
547 2237 682 2290 petet
718 2228 799 2276 ille
836 2230 1003 2291 fugam
1040 2227 1336 2291 penitusque
1373 2228 1620 2290 profundo

174 2311 282 2357 vela
318 2308 468 2357 dabit.
542 2325 630 2357 vos
666 2309 890 2357 unanimi
927 2311 1132 2358 densete
1168 2317 1385 2356 catervas

176 2398 224 2437 et
259 2405 423 2451 regem
458 2388 600 2437 vobis
636 2406 803 2452 pugna
840 2389 1091 2439 defendite
1127 2390 1351 2451 raptum.'
1481 2430 1484 2433 Α
1761 2397 1836 2448 265

175 2469 309 2528 dixit,
349 2478 397 2516 et
432 2470 665 2518 adversos
702 2473 854 2518 telum
894 2469 1132 2519 contorsit
1166 2468 1217 2516 in
1254 2468 1409 2517 hostis

175 2566 500 2612 procurrens,
549 2550 766 2599 sonitum
805 2552 889 2599 dat
927 2550 1130 2599 stridula
1165 2565 1343 2598 cornus
1380 2557 1428 2597 et
1463 2565 1605 2597 auras

177 2640 308 2679 certa
344 2641 488 2680 secat.
564 2632 708 2680 simul
744 2633 855 2691 hoc,
896 2631 1041 2680 simul
1078 2631 1250 2694 ingens
1288 2632 1474 2678 clamor
1510 2639 1557 2677 et
1594 2645 1767 2678 omnes

175 2712 357 2760 turbati
394 2712 539 2762 cunei
575 2714 910 2775 calefactaque
946 2714 1097 2761 corda
1133 2713 1359 2760 tumultu.

231 2844 422 2892 239-269
462 2841 592 2880 MPR
822 2854 903 2891 239
932 2840 1034 2893 iam]
1075 2846 1163 2880 tum
1201 2840 1270 2890 Ργ
1448 2851 1527 2888 245
1556 2838 1843 2888 praestantius

177 2897 316 2935 Rcmvr
474 2909 552 2945 247
583 2895 720 2934 sulvus
742 2896 869 2934 rubra
889 2894 954 2932 M1
1070 2894 1201 2946 Iovis]
1223 2907 1321 2934 acer
1340 2893 1383 2932 P
1564 2894 1640 2931 261
1672 2891 1841 2943 miseri]

179 2949 329 2988 Rutuli
350 2949 485 3001 7²bcm
599 2951 678 2999 264
709 2950 886 2988 densate
908 2949 1024 2999 MPy
