2014 3372
201 144 253 192 P.
296 144 594 192 VERGILI
634 144 960 194 MARONIS

200 292 332 338 stant
368 286 468 333 sale
503 286 762 348 Tyrrheno
800 286 994 333 classes.
1069 287 1134 334 da
1169 284 1370 350 iungere
1407 287 1644 348 dextram,
1710 287 1714 290 ’

199 368 276 426 da,
317 366 522 429 genitor,
562 376 712 429 teque
749 368 982 429 amplexu
1019 383 1084 415 ne
1119 367 1354 416 subtrahe
1392 372 1592 418 nostro.’

199 447 270 497 sic
306 466 588 498 memorans
624 451 760 512 largo
796 450 916 498 fietu
953 448 1099 498 simul
1137 467 1221 498 ora
1257 450 1457 513 rigabat.

200 539 272 578 ter
309 540 517 579 conatus
554 530 624 579 ibi
661 532 792 580 collo
829 532 947 580 dare
984 531 1217 580 bracchia
1255 531 1468 593 circum3
1805 551 1886 595 700

199 621 272 661 ter
308 615 482 662 frustra
519 630 815 676 comprensa
850 631 1028 663 manus
1066 613 1234 677 effugit
1270 613 1448 678 imago,

198 711 287 756 par
322 694 512 743 levibus
548 695 708 744 ventis
744 696 1034 759 volucrique
1071 695 1320 745 simillima
1355 713 1548 745 somno.

270 778 466 825 Interea
501 776 637 826 videt
673 779 873 827 Aeneas
910 777 962 825 in
998 779 1125 826 valle
1161 779 1366 826 reducta

199 859 448 906 seclusum
485 876 662 908 nemus
699 868 749 908 et
783 859 992 922 virgulta
1029 859 1258 908 sonantia
1293 859 1455 920 silvae,

200 941 579 1004 Lethaeumque
618 942 798 989 domos
838 939 1059 1004 placidas
1090 940 1175 1004 qui
1213 950 1471 1004 praenatat
1509 958 1724 990 amnem.
1801 956 1880 1003 705

199 1023 334 1071 hunc
371 1022 557 1071 circum
594 1022 885 1071 innumerae
920 1031 1093 1085 gentes
1130 1022 1403 1086 populique
1438 1023 1687 1082 volabant,

197 1122 257 1154 ac
294 1107 428 1154 velut
463 1105 514 1153 in
552 1105 702 1169 pratis
739 1105 827 1154 ubi
862 1122 981 1168 apes
1017 1114 1204 1154 aestate
1241 1122 1414 1154 serena

198 1188 402 1238 floribus
439 1187 663 1237 insidunt
698 1187 843 1237 variis
881 1198 930 1236 et
967 1188 1182 1238 candida
1218 1187 1404 1237 circum

199 1270 300 1320 lilia
335 1272 624 1331 funduntur,
665 1271 836 1333 strepit
873 1270 1036 1319 omnis
1074 1287 1325 1319 murmure
1361 1287 1581 1333 campus.

199 1351 438 1402 horrescit
474 1351 582 1400 visu
619 1351 786 1401 subito
824 1369 1098 1415 causasque
1134 1351 1336 1415 requirit
1803 1369 1883 1414 710

199 1435 383 1484 inscius
420 1437 632 1494 Aeneas,
666 1451 794 1497 quae
830 1434 928 1483 sint
965 1452 1023 1483 ea
1059 1434 1266 1483 flumina
1300 1452 1462 1498 porro,

199 1517 347 1581 quive
383 1517 471 1566 viri
508 1526 647 1566 tanto
684 1517 981 1580 complerint
1016 1517 1214 1580 agmine
1250 1518 1392 1581 ripas.

200 1612 306 1653 turn
343 1613 481 1667 pater
517 1603 792 1652 Anchises:
845 1602 1083 1662 ‘animae‚
1123 1602 1304 1665 quibus
1341 1604 1493 1651 altera
1528 1605 1656 1652 fato·

199 1707 407 1753 corpora
444 1689 703 1750 debentur,
737 1688 946 1737 Lethaei
981 1689 1046 1737 ad
1083 1686 1301 1736 fluminis
1338 1688 1527 1736 undam

199 1789 399 1822 securos
436 1772 605 1821 latices
642 1780 691 1821 et
726 1773 875 1834 longa
912 1770 1095 1820 oblivia
1129 1772 1317 1834 potant.
1802 1785 1879 1830 715

199 1855 287 1902 has
326 1853 561 1917 equidem
598 1870 874 1901 memorare
911 1851 1002 1900 tibi
1037 1861 1188 1914 atque
1225 1852 1488 1900 ostendere
1525 1868 1705 1913 coram,

198 1935 493 1999 iampridem
530 1936 660 1983 hanc
697 1935 888 1997 prolem
925 1932 1074 1996 cupio
1112 1949 1400 1981 enumerare
1437 1949 1678 1992 meorum,

200 2034 301 2081 quo
339 2016 492 2080 magis
532 2015 676 2065 Italia
712 2032 910 2064 mecum
947 2017 1129 2063 laetere
1164 2015 1385 2076 reperta.’

204 2104 261 2148 ‘o
291 2108 441 2162 pater,
470 2115 601 2147 anne
634 2097 823 2160 aliquas
857 2098 922 2146 ad
956 2098 1150 2145 caelum
1183 2095 1300 2143 hinc
1330 2094 1399 2143 ire
1435 2096 1716 2158 putandum
1748 2104 1824 2145 est
1873 2118 1876 2120 ·

200 2180 424 2230 sublimis
461 2179 651 2229 animas
688 2179 966 2242 iterumque
1003 2179 1067 2227 ad
1105 2178 1245 2226 tarda
1279 2176 1455 2226 reverti
1800 2194 1883 2238 720·

201 2264 443 2326 corpora?
491 2278 618 2324 quae
654 2260 778 2309 lucis
815 2259 1004 2309 miseris
1042 2268 1142 2307 tam
1181 2258 1287 2308 dira
1324 2258 1572 2322 cupido?'

205 2344 395 2394 ‘dicam
433 2344 667 2408 equidem
705 2361 798 2392 nec
834 2352 883 2392 te
920 2360 1232 2406 suspensum,
1265 2350 1393 2402 nate,
1426 2342 1636 2391 tenebo'

202 2425 406 2490 suscipit
441 2425 687 2475 Anchises
724 2434 874 2489 atque
912 2425 1086 2474 ordine
1123 2424 1315 2488 singula
1351 2423 1537 2487 pandit.

274 2508 552 2572 ‘Principio
589 2510 782 2557 caelum
819 2525 878 2557 ac
914 2518 1091 2557 terram
1129 2523 1434 2570 camposque
1470 2505 1703 2569 liquentis

201 2588 552 2653 lucentemque
590 2591 795 2653 globum
833 2593 979 2639 lunae
1016 2589 1314 2652 Titaniaque
1349 2598 1479 2637 astra
1666 2629 1669 2632 ,
1799 2603 1877 2648 725

257 2722 449 2771 697-724
478 2720 712 2771 FGMPR;
757 2734 834 2772 725
864 2721 1031 2760 FMPR
1280 2722 1363 2770 699
1393 2720 1587 2774 rigabant
1611 2718 1698 2760 P2:
1740 2719 1878 2769 rigae-

203 2777 306 2815 bant
325 2776 379 2814 F1
521 2790 600 2827 702
631 2791 711 2816 om.
736 2777 780 2815 in
800 2781 909 2815 textu
923 2776 1000 2825 Pb,
1024 2776 1138 2815 uncis
1157 2775 1327 2815 includit
1337 2775 1510 2815 Ribbeck
1651 2786 1732 2825 704
1762 2773 1880 2812 silvis

202 2830 338 2882 FM27
363 2830 427 2882 (in
451 2832 658 2884 margine)
673 2845 693 2869 c
823 2833 902 2881 716
923 2830 1247 2882 dittographiozm
1261 2844 1344 2870 esse
1361 2831 1505 2869 statuit
1518 2829 1688 2868 Ribbeck
1800 2841 1877 2877 717

204 2899 490 2925 annumerare
521 2886 667 2937 Hemy
779 2888 857 2936 718
890 2886 1052 2925 Italiam
1071 2916 1079 2924 .
1098 2916 1105 2924 .
1124 2916 1132 2924 .
1153 2890 1366 2935 repertam
1389 2884 1487 2923 F¹R
1601 2896 1680 2933 719
1711 2887 1777 2921 est
1793 2895 1875 2922 om.

208 2940 297 2980 FG1
426 2954 500 2992 721
535 2942 692 2991 cupido
714 2946 779 2980 est
799 2941 853 2979 F²
978 2953 1057 2990 723
1087 2940 1265 2990 suspicit
1284 2938 1504 2987 F²MP7¹rr
1635 2949 1715 2987 724
1743 2943 1878 2976 terras

208 2994 397 3035 F²GMcn
520 3008 598 3046 725
628 2994 863 3046 lucentem]
886 2996 1103 3044 ingentem
1126 2994 1190 3032 Ml
1286 2994 1386 3033 luna
1405 2993 1458 3031 F·
1478 3006 1486 3030 ε
1519 2991 1663 3030 lunam
1684 2991 1856 3031 Ribbeck
