2014 3372
242 168 301 216 -Ρ,
342 168 642 217 VERGILI
682 170 1009 219 MARONIS

247 311 463 359 mulcere
499 311 716 359 alternos
753 318 802 358 et
838 326 1045 373 corpora
1080 311 1265 375 fingere
1301 312 1480 377 lingua.

245 406 338 439 nec
374 393 547 454 procul
583 391 701 439 hinc
739 388 957 439 Romam
994 401 1043 441 et
1079 402 1241 456 raptas
1278 392 1383 442 sine
1419 410 1557 443 more
1593 393 1801 447 Sabinas
1838 403 1921 457 635

245 488 484 521 consessu
521 490 715 533 caveae,
755 473 946 536 magnis
985 473 1304 523 Circensibus
1341 475 1477 534 actis,

242 553 516 613 addiderat,
558 554 825 617 subitoque
861 571 1048 603 novum
1085 571 1381 619 consurgere
1417 556 1603 605 bellum

244 635 530 684 Romulidis
568 635 816 699 Tatioque
854 636 960 685 seni
998 636 1314 700 Curibusque
1351 637 1543 686 severis.

240 725 355 779 post
390 716 525 767 idem
562 716 689 766 inter
725 735 777 767 se
813 717 978 782 posito
1015 718 1283 767 certamine
1320 735 1457 782 reges

238 799 414 847 armati
452 799 585 848 Iovis
621 809 737 849 ante
772 817 907 849 aram
943 810 1237 864 paterasque
1273 810 1499 851 tenentes
1841 810 1925 863 640

240 880 437 929 stabant
474 890 523 930 et
559 898 704 930 caesa
738 881 1012 945 iungebant
1048 884 1250 931 foedera
1286 899 1449 946 porca.

239 964 375 1012 haud
410 965 584 1026 procul
621 963 739 1012 inde
776 963 903 1012 citae
942 966 1159 1013 Mettum
1196 964 1247 1012 in
1285 964 1478 1013 diversa
1515 964 1783 1029 quadrigae

237 1045 530 1094 distulerant
568 1045 638 1110 (at
673 1055 727 1094 tu
764 1045 923 1106 dictis,
962 1047 1172 1107 Albane,
1213 1064 1437 1096 maneres
1462 1047 1506 1111 l),

237 1127 564 1190 raptabatque
601 1126 690 1175 viri
728 1127 982 1176 mendacis
1019 1127 1207 1176 viscera
1242 1130 1418 1177 Tullus

236 1226 323 1272 per
359 1209 547 1269 silvam,
587 1219 636 1258 et
672 1210 826 1273 sparsi
862 1211 1094 1259 rorabant
1131 1210 1369 1273 sanguine
1405 1227 1590 1274 vepres.
1677 1251 1681 1255 ,
1834 1219 1914 1272 645

236 1310 329 1342 nec
366 1309 469 1341 non
506 1291 834 1355 Tarquinium
873 1292 1088 1341 eiectum
1126 1295 1381 1342 Porsenna
1417 1292 1622 1341 iubebat

234 1375 458 1439 accipere
494 1374 782 1438 ingentique
819 1376 994 1425 urbem
1032 1374 1295 1425 obsidione
1330 1375 1618 1438 premebat:

233 1459 503 1506 Aeneadae
540 1456 592 1504 in
628 1458 809 1504 ferrum
846 1473 937 1520 pro
973 1456 1199 1505 libertate
1236 1458 1457 1505 ruebant.

234 1538 374 1586 illum
412 1537 690 1601 indignanti
727 1536 941 1586 similem
978 1537 1291 1601 similemque
1328 1538 1538 1586 minanti

233 1619 492 1683 aspicereS,
532 1627 737 1682 pontem
775 1619 979 1667 auderet
1017 1618 1134 1681 quia
1168 1621 1348 1668 vellere
1386 1620 1564 1670 Cocles
1831 1627 1915 1680 650

233 1711 283 1750 et
318 1700 522 1749 fluvium
560 1699 734 1748 vinclis
771 1699 963 1748 innaret
1000 1699 1193 1750 Cloelia
1229 1700 1396 1763 ruptis.

232 1782 284 1830 in
321 1799 518 1831 summo
555 1791 722 1830 custos
759 1781 1002 1844 Tarpeiae
1041 1781 1260 1830 Manlius
1295 1781 1420 1830 arcis

232 1865 394 1913 stabat
429 1881 519 1927 pro
556 1865 744 1926 templo
781 1872 829 1911 et
867 1862 1115 1925 Capitolia
1151 1864 1282 1911 celsa
1318 1863 1534 1923 tenebat,

233 1947 586 2008 Romuleoque
622 1961 795 1993 recens
832 1944 1064 1992 horrebat
1101 1943 1232 2007 regia
1268 1946 1447 1992 culmo.

230 2038 380 2092 atque
416 2027 497 2076 hic
533 2026 713 2075 auratis
749 2025 960 2075 volitans
997 2035 1255 2089 argenteus
1291 2043 1435 2075 anser
1828 2034 1908 2087 655

231 2108 503 2172 porticibus
542 2110 713 2157 Gallos
748 2107 800 2155 in
836 2107 1009 2156 limine
1044 2110 1220 2157 adesse
1257 2108 1469 2156 canebat
1487 2126 1501 2169 3

232 2190 363 2240 Galli
399 2208 485 2254 per
521 2192 701 2239 dumos
738 2191 944 2239 aderant
979 2206 1244 2253 arcemque
1282 2190 1522 2239 tenebant

230 2272 423 2322 defensi
459 2271 676 2321 tenebris
713 2279 762 2320 et
798 2273 934 2320 dono
971 2271 1131 2320 noctis
1169 2288 1388 2335 opacae:

229 2371 378 2402 aurea
414 2353 652 2403 caesaries
690 2352 799 2402 ollis
835 2362 986 2416 atque
1022 2370 1170 2402 aurea
1205 2353 1368 2412 vestis,

229 2434 425 2498 virgatis
462 2437 630 2484 lucent
666 2435 860 2498 sagulis,
901 2444 1007 2484 tum
1045 2437 1204 2484 lactea
1241 2437 1369 2484 colla
1826 2442 1909 2484 660

229 2533 349 2565 auro
385 2516 715 2576 innectuntur,
759 2519 861 2566 duo
898 2516 1109 2580 quisque
1146 2517 1330 2580 Alpina
1365 2526 1626 2566 coruscant

227 2614 374 2660 gaesa
410 2615 574 2657 manu,
615 2598 766 2647 scutis
803 2598 1013 2662 protecti
1049 2615 1256 2661 corpora
1291 2597 1463 2661 longis.

228 2679 308 2728 hic
345 2680 631 2728 exsultantis
670 2680 826 2729 Salios
863 2682 1128 2743 nudosque
1165 2682 1419 2743 Lupercos

226 2760 569 2824 lanigerosque
605 2761 771 2824 apices
808 2770 856 2809 et
892 2763 1030 2824 lapsa
1065 2760 1243 2809 ancilia
1280 2762 1418 2809 caelo

280 2892 471 2940 634-664
511 2891 642 2930 MPR
863 2893 946 2940 640
975 2904 1070 2930 aras
1108 2891 1205 2930 Rbrr
1335 2897 1612 2941 pateramque
1646 2890 1700 2928 M
1809 2895 1907 2942 post

226 2946 302 2993 641
326 2959 365 2986 v.
387 2947 468 2997 654
483 2948 624 2996 posuit
641 2946 759 2984 editio
778 2945 1035 2995 Parmensis,
1051 2947 1201 2996 probat
1218 2946 1398 2984 Ribbeck
1524 2947 1607 2994 643
1637 2945 1902 2996 dispulerant

225 2998 295 3037 M2
460 3002 540 3050 657
573 3000 706 3052 Galli]
728 3000 800 3040 olli
821 3000 864 3039 R
1029 3002 1106 3039 661
1141 3006 1338 3065 coruscat
1357 2999 1490 3053 P7¹bc
