2014 3372
199 154 251 203 Ρ.
292 154 592 202 VERGILI
633 152 960 202 MARONIS

198 292 439 342 continuo
476 292 699 341 invadit:
752 296 837 340 ‘tu
875 308 1009 340 nunc
1050 289 1369 355 Karthaginis
1406 291 1535 339 altae
1712 308 1716 311 ·
1804 294 1879 349 265

195 376 525 424 fundamenta
560 377 694 423 locas
732 375 1093 438 pulchramque
1130 373 1328 423 uxorius
1365 373 1541 422 urbem

197 458 444 507 exstruis?
491 459 603 517 heu,
646 456 783 521 regni
821 474 1085 520 rerumque
1123 456 1277 505 oblite
1314 458 1541 504 tuarum!

195 539 302 603 ipse
338 542 491 590 deum
528 538 618 588 tibi
655 556 736 588 me
774 541 906 588 claro
944 538 1161 589 demittit
1198 539 1417 601 Olympo

196 631 438 686 regnator,
478 623 674 670 caelum
710 639 768 670 ac
805 630 956 670 terras
995 620 1080 684 qui
1117 619 1324 669 numine
1361 627 1592 682 torquet:

195 703 303 767 ipse
339 705 464 753 haec
500 706 624 753 ferre
661 702 799 753 iubet
836 702 1007 753 celeris
1045 704 1283 752 mandata
1318 718 1405 765 per
1441 716 1582 749 auras
1607 719 1627 748 :⁴
1806 715 1886 760 270

197 786 320 850 quid
356 785 545 836 struis?
590 795 676 835 aut
714 803 813 851 qua
849 803 938 849 spe
977 785 1177 849 Libycis
1214 784 1328 834 teris
1367 783 1468 834 otia
1504 782 1680 833 terris?

196 867 238 918 si
274 878 323 918 te
359 871 496 918 nulla
532 878 699 918 movet
736 878 985 918 tantarum
1021 868 1174 933 gloria
1210 885 1373 917 rerum

195 948 306 1016 [nec
342 968 491 1015 super
525 951 632 1015 ipse
668 961 754 1001 tua
783 950 970 1001 moliris
1007 952 1155 1000 laude
1192 949 1449 1017 laborem‚]

198 1033 472 1082 Ascanium
509 1043 794 1097 surgentem
832 1042 881 1082 et
920 1050 1035 1096 spes
1073 1032 1270 1082 heredis
1310 1030 1408 1081 Iuli

195 1115 398 1179 respice,
439 1115 521 1165 cui
556 1133 765 1179 regnum
804 1115 979 1164 Italiae
1017 1117 1350 1178 Romanaque
1387 1114 1531 1163 tellus
1807 1128 1884 1174 275

197 1197 436 1247 debetur.'
507 1196 593 1246 tali
631 1197 887 1260 Cyllenius
924 1215 1009 1247 ore
1034 1199 1232 1246 locutus

198 1278 417 1328 mortalis
453 1278 587 1329 visus
623 1279 795 1329 medio
830 1295 1062 1329 sermone
1098 1279 1294 1343 reliquit

198 1369 248 1410 et
283 1362 457 1425 procul
492 1361 545 1410 in
581 1370 786 1411 tenuem
824 1378 885 1410 ex
920 1361 1078 1411 oculis
1115 1361 1316 1411 evanuit
1351 1377 1535 1410 auram.

182 1456 184 1458 ’
266 1446 334 1492 At
368 1459 485 1492 vero
521 1446 721 1493 Aeneas
756 1451 965 1506 aspectu
1002 1443 1254 1492 obmutuit
1289 1460 1477 1503 amens,

198 1535 516 1590 arrectaeque
551 1528 755 1576 horrore
792 1544 970 1576 comae
1007 1535 1057 1576 et
1093 1543 1188 1575 vox
1223 1525 1453 1576 faucibus
1489 1524 1662 1575 haesit.
1809 1533 1886 1574 280

197 1610 338 1658 ardet
373 1608 510 1657 abire
546 1611 661 1673 fuga
697 1608 960 1672 dulcisque
995 1607 1274 1672 relinquere
1309 1617 1472 1668 terras,

198 1689 436 1739 attonitus
474 1699 616 1739 tanto
648 1689 845 1739 monitu
882 1689 1192 1754 imperioque
1228 1691 1451 1739 deorum.

199 1772 298 1820 heu
335 1770 457 1835 quid
493 1773 646 1836 agat?
694 1789 796 1836 quo
833 1789 968 1821 nunc
1004 1770 1225 1836 reginam
1261 1770 1450 1820 ambire
1486 1773 1733 1820 furentem

198 1854 380 1902 audeat
415 1855 624 1903 adfatu?
670 1870 801 1917 quae
836 1853 994 1918 prima
1031 1853 1232 1903 exordia
1268 1855 1471 1902 sumat?

198 1944 349 1998 atque
385 1935 609 1984 animum
646 1953 781 1985 nunc
819 1938 917 1985 huc
954 1938 1166 1985 celerem
1203 1952 1338 1984 nunc
1375 1934 1552 1984 dividit
1588 1934 1705 1984 illuc
1808 1944 1883 1995 285

200 2015 252 2064 in
288 2015 540 2080 partisque
576 2017 703 2080 rapit
740 2016 896 2066 varias
938 2034 1125 2081 perque
1163 2015 1332 2066 omnia
1368 2025 1540 2065 versat.

200 2099 325 2147 haec
360 2098 623 2148 alternanti
659 2098 823 2163 potior
860 2098 1105 2148 sententia
1140 2098 1244 2147 visa
1281 2107 1386 2147 est:

203 2181 471 2229 Mnesthea
508 2182 893 2245 Sergestumque
928 2190 1074 2229 vocat
1110 2182 1388 2243 fortemque
1426 2182 1688 2239 Serestum,

202 2262 411 2310 classem
446 2269 620 2324 aptent
657 2260 793 2310 taciti
830 2260 1093 2324 sociosque
1130 2262 1195 2309 ad
1237 2260 1379 2309 litora
1416 2269 1610 2324 cogant,

200 2359 338 2391 arma
372 2351 547 2405 parent
584 2351 632 2392 et
669 2359 797 2406 quae
834 2343 981 2392 rebus
1019 2342 1081 2391 sit
1118 2359 1268 2391 causa
1303 2341 1546 2410 novandis
1806 2360 1886 2403 290

202 2424 551 2486 dissimulent3
599 2442 708 2475 sese
744 2424 945 2485 interea,
986 2426 1190 2489 quando
1228 2424 1416 2488 optima
1455 2423 1591 2473 Dido
1760 2426 1762 2428 ’

202 2506 391 2557 nesciat
427 2516 476 2556 et
512 2516 677 2557 tantos
714 2507 878 2572 rumpi
915 2525 1018 2557 non
1055 2516 1218 2571 speret
1253 2524 1461 2566 amores,

203 2598 559 2653 temptaturum
595 2589 759 2639 aditus
796 2599 845 2639 et
882 2606 1010 2653 quae
1047 2589 1336 2639 mollissima
1372 2587 1509 2637 fandi

260 2720 451 2769 265—285
491 2718 584 2757 MP
597 2732 606 2767 ;
667 2720 748 2758 286
777 2732 858 2769 293
897 2719 1025 2758 FMP
1325 2720 1404 2768 267
1445 2717 1596 2769 oblite]
1638 2718 1786 2768 ignare
1824 2715 1884 2756 Pl

205 2775 285 2813 268
317 2774 486 2813 dimittit
507 2773 642 2825 P71cn
864 2776 945 2825 269
975 2775 1042 2821 acl
1067 2780 1109 2814 et
1131 2774 1226 2813 Mbc
1337 2779 1494 2812 terram
1516 2772 1584 2824 Py
1804 2783 1885 2820 273

204 2843 286 2869 om.
311 2828 535 2880 MP‘yla1bl
663 2831 744 2880 276
774 2830 955 2869 debetur
975 2830 1028 2868 M
1030 2829 1207 2881 ²P7abc:
1243 2827 1452 2868 debentur
1471 2828 1524 2866 M
1527 2827 1539 2849 ²
1559 2826 1676 2866 Serv.
1802 2826 1883 2873 283

205 2897 390 2935 quonam
421 2883 586 2924 Nonius
749 2887 844 2934 285,
866 2886 948 2924 286
970 2903 1004 2916 =
1025 2885 1110 2923 viii.
1133 2897 1202 2933 20,
1223 2896 1271 2921 21
1312 2896 1394 2922 non
1429 2883 1718 2934 interpretatur
1750 2877 1880 2924 Seru,

204 2939 388 2978 damnat
405 2939 571 2990 Heyne:
598 2952 734 2978 unum
756 2954 793 2980 v.
810 2940 893 2978 286
917 2937 1145 2991 (abF2P71
1168 2937 1390 2989 omissum)
1411 2937 1523 2976 uncis
1540 2934 1707 2974 secludit
1716 2933 1888 2982 Ribbeck

207 2997 286 3043 285
317 2993 465 3044 atque]
495 3000 628 3044 utque
653 2993 867 3043 Heinsius,
876 2994 1058 3044 fortasse
1087 2997 1182 3032 recte
1347 2993 1427 3030 288
1459 2988 1704 3040 Serestum]
1731 2988 1887 3037 Cloan-

209 3051 329 3090 thum
345 3049 614 3089 wPamzsinus
636 3050 743 3098 7906
764 3048 969 3097 Donatus,
990 3046 1138 3098 probat
1151 3046 1320 3085 Κυίἔαῖα
1446 3045 1528 3095 289
1553 3057 1653 3094 -que
1663 3043 1752 3083 cm.
1772 3042 1863 3093 Ργε
