<?xml version="1.0" encoding="UTF-8"?>
<!DOCTYPE html PUBLIC "-//W3C//DTD XHTML 1.0 Transitional//EN"
    "http://www.w3.org/TR/xhtml1/DTD/xhtml1-transitional.dtd">
<html xmlns="http://www.w3.org/1999/xhtml" xml:lang="en" lang="en">
 <head>
  <title>
</title>
<meta http-equiv="Content-Type" content="text/html;charset=utf-8" />
  <meta name='ocr-system' content='tesseract 3.04.00' />
  <meta name='ocr-capabilities' content='ocr_page ocr_carea ocr_par ocr_line ocrx_word'/>
</head>
<body>
  <div class='ocr_page' id='page_1' title='image "./operarecognovitb00virguoft/operarecognovitb00virguoft_0128.png"; bbox 0 0 2014 3372; ppageno 0'>
   <div class='ocr_carea' id='block_1_1' title="bbox 228 157 988 208">
    <p class='ocr_par' dir='ltr' id='par_1_1' title="bbox 228 157 988 208">
     <span class='ocr_line' id='line_1_1' title="bbox 228 157 988 208; baseline 0.005 -4"><span class='ocrx_word' id='word_1_1' title='bbox 228 157 280 205; x_wconf 91' lang='lat' dir='ltr'><strong>P.</strong></span> <span class='ocrx_word' id='word_1_2' title='bbox 323 159 623 206; x_wconf 91' lang='lat' dir='ltr'>VERGILI</span> <span class='ocrx_word' id='word_1_3' title='bbox 660 159 988 208; x_wconf 77' lang='lat' dir='ltr'><strong>&#39;MARONIS</strong></span> 
     </span>
    </p>
   </div>
   <div class='ocr_carea' id='block_1_2' title="bbox 215 299 1957 2655">
    <p class='ocr_par' dir='ltr' id='par_1_2' title="bbox 215 299 1957 2655">
     <span class='ocr_line' id='line_1_2' title="bbox 296 299 1737 364; baseline 0.003 -18"><span class='ocrx_word' id='word_1_4' title='bbox 296 301 485 347; x_wconf 85' lang='lat' dir='ltr'><strong>Aeolus</strong></span> <span class='ocrx_word' id='word_1_5' title='bbox 522 301 648 348; x_wconf 88' lang='lat' dir='ltr'><strong>haec</strong></span> <span class='ocrx_word' id='word_1_6' title='bbox 683 308 884 348; x_wconf 90' lang='lat' dir='ltr'><strong>contra:</strong></span> <span class='ocrx_word' id='word_1_7' title='bbox 927 303 1084 359; x_wconf 89' lang='lat' dir='ltr'><strong>‘tuus‚</strong></span> <span class='ocrx_word' id='word_1_8' title='bbox 1123 316 1156 349; x_wconf 92' lang='lat' dir='ltr'><strong>o</strong></span> <span class='ocrx_word' id='word_1_9' title='bbox 1191 299 1371 364; x_wconf 87' lang='lat' dir='ltr'><strong>regina,</strong></span> <span class='ocrx_word' id='word_1_10' title='bbox 1411 299 1533 364; x_wconf 93' lang='lat' dir='ltr'><strong>quid</strong></span> <span class='ocrx_word' id='word_1_11' title='bbox 1569 309 1737 364; x_wconf 70' lang='lat' dir='ltr'><strong>optes,</strong></span> 
     </span>
     <span class='ocr_line' id='line_1_3' title="bbox 229 380 1549 444; baseline 0.002 -15"><span class='ocrx_word' id='word_1_12' title='bbox 229 383 480 443; x_wconf 87' lang='lat' dir='ltr'><strong>explorare</strong></span> <span class='ocrx_word' id='word_1_13' title='bbox 516 381 690 441; x_wconf 82' lang='lat' dir='ltr'><strong>labor3</strong></span> <span class='ocrx_word' id='word_1_14' title='bbox 738 380 860 428; x_wconf 91' lang='lat' dir='ltr'><strong>mihi</strong></span> <span class='ocrx_word' id='word_1_15' title='bbox 896 380 1028 429; x_wconf 90' lang='lat' dir='ltr'><strong>iussa</strong></span> <span class='ocrx_word' id='word_1_16' title='bbox 1063 398 1318 444; x_wconf 85' lang='lat' dir='ltr'><strong>capessere</strong></span> <span class='ocrx_word' id='word_1_17' title='bbox 1354 384 1426 431; x_wconf 88' lang='lat' dir='ltr'><strong>fas</strong></span> <span class='ocrx_word' id='word_1_18' title='bbox 1463 391 1549 431; x_wconf 91' lang='lat' dir='ltr'><strong>est.</strong></span> 
     </span>
     <span class='ocr_line' id='line_1_4' title="bbox 227 461 1785 528; baseline 0.002 -18"><span class='ocrx_word' id='word_1_19' title='bbox 227 471 279 511; x_wconf 92' lang='lat' dir='ltr'><strong>tu</strong></span> <span class='ocrx_word' id='word_1_20' title='bbox 318 461 438 510; x_wconf 91' lang='lat' dir='ltr'><strong>mihi</strong></span> <span class='ocrx_word' id='word_1_21' title='bbox 477 464 833 525; x_wconf 90' lang='lat' dir='ltr'><strong>quodcumque</strong></span> <span class='ocrx_word' id='word_1_22' title='bbox 869 464 966 511; x_wconf 91' lang='lat' dir='ltr'><strong>hoc</strong></span> <span class='ocrx_word' id='word_1_23' title='bbox 1002 463 1152 526; x_wconf 89' lang='lat' dir='ltr'><strong>regni,</strong></span> <span class='ocrx_word' id='word_1_24' title='bbox 1192 473 1245 511; x_wconf 92' lang='lat' dir='ltr'><strong>tu</strong></span> <span class='ocrx_word' id='word_1_25' title='bbox 1282 473 1474 526; x_wconf 91' lang='lat' dir='ltr'><strong>sceptra</strong></span> <span class='ocrx_word' id='word_1_26' title='bbox 1511 466 1785 528; x_wconf 91' lang='lat' dir='ltr'><strong>Iovemque</strong></span> 
     </span>
     <span class='ocr_line' id='line_1_5' title="bbox 226 543 1430 607; baseline 0.001 -16"><span class='ocrx_word' id='word_1_27' title='bbox 226 543 475 603; x_wconf 84' lang='lat' dir='ltr'>concilias,</span> <span class='ocrx_word' id='word_1_28' title='bbox 516 553 569 592; x_wconf 93' lang='lat' dir='ltr'><strong>tu</strong></span> <span class='ocrx_word' id='word_1_29' title='bbox 606 546 695 593; x_wconf 92' lang='lat' dir='ltr'><strong>das</strong></span> <span class='ocrx_word' id='word_1_30' title='bbox 733 543 890 607; x_wconf 92' lang='lat' dir='ltr'><strong>epulis</strong></span> <span class='ocrx_word' id='word_1_31' title='bbox 926 545 1222 593; x_wconf 90' lang='lat' dir='ltr'><strong>accumbere</strong></span> <span class='ocrx_word' id='word_1_32' title='bbox 1259 544 1430 593; x_wconf 91' lang='lat' dir='ltr'><strong>divum</strong></span> 
     </span>
     <span class='ocr_line' id='line_1_6' title="bbox 225 625 1957 691; baseline 0.002 -18"><span class='ocrx_word' id='word_1_33' title='bbox 225 625 612 688; x_wconf 89' lang='lat' dir='ltr'><strong>nimborumque</strong></span> <span class='ocrx_word' id='word_1_34' title='bbox 650 625 770 675; x_wconf 90' lang='lat' dir='ltr'><strong>facis</strong></span> <span class='ocrx_word' id='word_1_35' title='bbox 808 635 1260 689; x_wconf 84' lang='lat' dir='ltr'><strong>tempestatumque</strong></span> <span class='ocrx_word' id='word_1_36' title='bbox 1297 629 1584 690; x_wconf 84' lang='lat' dir='ltr'><strong>potentem.&#39;</strong></span> <span class='ocrx_word' id='word_1_37' title='bbox 1851 636 1957 691; x_wconf 58' lang='lat' dir='ltr'><strong>80ss</strong></span> 
     </span>
     <span class='ocr_line' id='line_1_7' title="bbox 294 707 1743 770; baseline 0.001 -15"><span class='ocrx_word' id='word_1_38' title='bbox 294 709 439 756; x_wconf 89' lang='lat' dir='ltr'><strong>Haec</strong></span> <span class='ocrx_word' id='word_1_39' title='bbox 475 707 562 756; x_wconf 92' lang='lat' dir='ltr'><strong>ubi</strong></span> <span class='ocrx_word' id='word_1_40' title='bbox 598 707 746 767; x_wconf 92' lang='lat' dir='ltr'><strong>dicta,</strong></span> <span class='ocrx_word' id='word_1_41' title='bbox 788 725 963 756; x_wconf 90' lang='lat' dir='ltr'><strong>cavum</strong></span> <span class='ocrx_word' id='word_1_42' title='bbox 1002 724 1240 756; x_wconf 90' lang='lat' dir='ltr'><strong>conversa</strong></span> <span class='ocrx_word' id='word_1_43' title='bbox 1277 707 1484 770; x_wconf 91' lang='lat' dir='ltr'><strong>cuspide</strong></span> <span class='ocrx_word' id='word_1_44' title='bbox 1519 716 1743 757; x_wconf 89' lang='lat' dir='ltr'><strong>montem</strong></span> 
     </span>
     <span class='ocr_line' id='line_1_8' title="bbox 223 787 1562 853; baseline 0.001 -17"><span class='ocrx_word' id='word_1_45' title='bbox 223 787 418 852; x_wconf 90' lang='lat' dir='ltr'><strong>impulit</strong></span> <span class='ocrx_word' id='word_1_46' title='bbox 454 788 505 837; x_wconf 92' lang='lat' dir='ltr'><strong>in</strong></span> <span class='ocrx_word' id='word_1_47' title='bbox 542 790 697 837; x_wconf 88' lang='lat' dir='ltr'><strong>latus:</strong></span> <span class='ocrx_word' id='word_1_48' title='bbox 748 806 807 838; x_wconf 92' lang='lat' dir='ltr'><strong>ac</strong></span> <span class='ocrx_word' id='word_1_49' title='bbox 843 789 977 838; x_wconf 91' lang='lat' dir='ltr'><strong>venti</strong></span> <span class='ocrx_word' id='word_1_50' title='bbox 1013 791 1147 838; x_wconf 92' lang='lat' dir='ltr'><strong>velut</strong></span> <span class='ocrx_word' id='word_1_51' title='bbox 1183 789 1380 853; x_wconf 83' lang='lat' dir='ltr'><strong>agmine</strong></span> <span class='ocrx_word' id='word_1_52' title='bbox 1416 791 1562 849; x_wconf 89' lang='lat' dir='ltr'><strong>facto,</strong></span> 
     </span>
     <span class='ocr_line' id='line_1_9' title="bbox 223 870 1613 933; baseline 0 -15"><span class='ocrx_word' id='word_1_53' title='bbox 223 886 321 932; x_wconf 93' lang='lat' dir='ltr'><strong>qua</strong></span> <span class='ocrx_word' id='word_1_54' title='bbox 357 871 474 918; x_wconf 91' lang='lat' dir='ltr'><strong>data</strong></span> <span class='ocrx_word' id='word_1_55' title='bbox 509 879 663 933; x_wconf 89' lang='lat' dir='ltr'><strong>porta,</strong></span> <span class='ocrx_word' id='word_1_56' title='bbox 702 880 850 918; x_wconf 92' lang='lat' dir='ltr'><strong>ruunt</strong></span> <span class='ocrx_word' id='word_1_57' title='bbox 887 880 936 919; x_wconf 90' lang='lat' dir='ltr'><strong>et</strong></span> <span class='ocrx_word' id='word_1_58' title='bbox 972 880 1122 919; x_wconf 88' lang='lat' dir='ltr'><strong>terras</strong></span> <span class='ocrx_word' id='word_1_59' title='bbox 1159 870 1357 919; x_wconf 91' lang='lat' dir='ltr'><strong>turbine</strong></span> <span class='ocrx_word' id='word_1_60' title='bbox 1393 872 1613 933; x_wconf 89' lang='lat' dir='ltr'><strong>perflant.</strong></span> 
     </span>
     <span class='ocr_line' id='line_1_10' title="bbox 220 951 1403 1015; baseline -0.001 -15"><span class='ocrx_word' id='word_1_61' title='bbox 220 951 492 1000; x_wconf 90' lang='lat' dir='ltr'><strong>incubuere</strong></span> <span class='ocrx_word' id='word_1_62' title='bbox 530 951 652 999; x_wconf 88' lang='lat' dir='ltr'><strong>mari</strong></span> <span class='ocrx_word' id='word_1_63' title='bbox 688 961 950 1015; x_wconf 90' lang='lat' dir='ltr'><strong>totumque</strong></span> <span class='ocrx_word' id='word_1_64' title='bbox 985 969 1015 1000; x_wconf 88' lang='lat' dir='ltr'><strong>a</strong></span> <span class='ocrx_word' id='word_1_65' title='bbox 1052 951 1255 1000; x_wconf 89' lang='lat' dir='ltr'><strong>sedibus</strong></span> <span class='ocrx_word' id='word_1_66' title='bbox 1293 951 1403 1000; x_wconf 89' lang='lat' dir='ltr'><strong>imis</strong></span> 
     </span>
     <span class='ocr_line' id='line_1_11' title="bbox 221 1032 1899 1096; baseline 0 -15"><span class='ocrx_word' id='word_1_67' title='bbox 221 1050 321 1081; x_wconf 93' lang='lat' dir='ltr'><strong>una</strong></span> <span class='ocrx_word' id='word_1_68' title='bbox 359 1035 621 1096; x_wconf 90' lang='lat' dir='ltr'><strong>Eurusque</strong></span> <span class='ocrx_word' id='word_1_69' title='bbox 659 1035 923 1096; x_wconf 87' lang='lat' dir='ltr'><strong>Notusque</strong></span> <span class='ocrx_word' id='word_1_70' title='bbox 960 1043 1108 1082; x_wconf 90' lang='lat' dir='ltr'><strong>ruunt</strong></span> <span class='ocrx_word' id='word_1_71' title='bbox 1147 1034 1416 1096; x_wconf 87' lang='lat' dir='ltr'><strong>creberque</strong></span> <span class='ocrx_word' id='word_1_72' title='bbox 1454 1032 1681 1096; x_wconf 90' lang='lat' dir='ltr'><strong>procellis</strong></span> <span class='ocrx_word' id='word_1_73' title='bbox 1848 1043 1899 1094; x_wconf 85' lang='lat'><strong>85</strong></span> 
     </span>
     <span class='ocr_line' id='line_1_12' title="bbox 220 1114 1468 1164; baseline 0.001 -2"><span class='ocrx_word' id='word_1_74' title='bbox 220 1114 417 1163; x_wconf 89' lang='lat' dir='ltr'><strong>Africus</strong></span> <span class='ocrx_word' id='word_1_75' title='bbox 454 1124 503 1164; x_wconf 91' lang='lat' dir='ltr'><strong>et</strong></span> <span class='ocrx_word' id='word_1_76' title='bbox 539 1124 702 1164; x_wconf 89' lang='lat' dir='ltr'><strong>vastos</strong></span> <span class='ocrx_word' id='word_1_77' title='bbox 739 1117 944 1164; x_wconf 89' lang='lat' dir='ltr'><strong>volvunt</strong></span> <span class='ocrx_word' id='word_1_78' title='bbox 979 1117 1045 1164; x_wconf 95' lang='lat' dir='ltr'><strong>ad</strong></span> <span class='ocrx_word' id='word_1_79' title='bbox 1082 1115 1224 1164; x_wconf 89' lang='lat' dir='ltr'><strong>litora</strong></span> <span class='ocrx_word' id='word_1_80' title='bbox 1261 1118 1468 1164; x_wconf 89' lang='lat' dir='ltr'><strong>fluctus:</strong></span> 
     </span>
     <span class='ocr_line' id='line_1_13' title="bbox 220 1196 1651 1260; baseline 0 -15"><span class='ocrx_word' id='word_1_81' title='bbox 220 1196 497 1259; x_wconf 90' lang='lat' dir='ltr'><strong>insequitur</strong></span> <span class='ocrx_word' id='word_1_82' title='bbox 533 1199 819 1260; x_wconf 89' lang='lat' dir='ltr'><strong>clamorque</strong></span> <span class='ocrx_word' id='word_1_83' title='bbox 856 1197 1015 1245; x_wconf 90' lang='lat' dir='ltr'><strong>virum</strong></span> <span class='ocrx_word' id='word_1_84' title='bbox 1054 1197 1332 1260; x_wconf 89' lang='lat' dir='ltr'><strong>stridorque</strong></span> <span class='ocrx_word' id='word_1_85' title='bbox 1371 1198 1651 1245; x_wconf 91' lang='lat' dir='ltr'><strong>rudentum.</strong></span> 
     </span>
     <span class='ocr_line' id='line_1_14' title="bbox 221 1278 1441 1342; baseline 0.002 -17"><span class='ocrx_word' id='word_1_86' title='bbox 221 1278 435 1341; x_wconf 91' lang='lat' dir='ltr'><strong>eripiunt</strong></span> <span class='ocrx_word' id='word_1_87' title='bbox 471 1278 636 1327; x_wconf 91' lang='lat' dir='ltr'><strong>subito</strong></span> <span class='ocrx_word' id='word_1_88' title='bbox 673 1279 833 1327; x_wconf 88' lang='lat' dir='ltr'><strong>nubes</strong></span> <span class='ocrx_word' id='word_1_89' title='bbox 872 1280 1166 1342; x_wconf 88' lang='lat' dir='ltr'><strong>caelumque</strong></span> <span class='ocrx_word' id='word_1_90' title='bbox 1205 1278 1441 1342; x_wconf 91' lang='lat' dir='ltr'><strong>diemque</strong></span> 
     </span>
     <span class='ocr_line' id='line_1_15' title="bbox 220 1360 1588 1423; baseline 0.001 -15"><span class='ocrx_word' id='word_1_91' title='bbox 220 1362 529 1409; x_wconf 90' lang='lat' dir='ltr'><strong>Teucrorum</strong></span> <span class='ocrx_word' id='word_1_92' title='bbox 565 1378 625 1409; x_wconf 88' lang='lat' dir='ltr'><strong>ex</strong></span> <span class='ocrx_word' id='word_1_93' title='bbox 661 1360 851 1421; x_wconf 83' lang='lat' dir='ltr'><strong>oculis;</strong></span> <span class='ocrx_word' id='word_1_94' title='bbox 901 1370 1059 1423; x_wconf 90' lang='lat' dir='ltr'><strong>ponto</strong></span> <span class='ocrx_word' id='word_1_95' title='bbox 1096 1378 1195 1409; x_wconf 88' lang='lat' dir='ltr'><strong>nox</strong></span> <span class='ocrx_word' id='word_1_96' title='bbox 1232 1361 1436 1409; x_wconf 89' lang='lat' dir='ltr'><strong>incubat</strong></span> <span class='ocrx_word' id='word_1_97' title='bbox 1472 1370 1588 1409; x_wconf 89' lang='lat' dir='ltr'><strong>atra.</strong></span> 
     </span>
     <span class='ocr_line' id='line_1_16' title="bbox 219 1441 1900 1504; baseline 0.001 -15"><span class='ocrx_word' id='word_1_98' title='bbox 219 1441 480 1490; x_wconf 89' lang='lat' dir='ltr'><strong>intonuere</strong></span> <span class='ocrx_word' id='word_1_99' title='bbox 516 1442 618 1504; x_wconf 92' lang='lat' dir='ltr'><strong>poli</strong></span> <span class='ocrx_word' id='word_1_100' title='bbox 655 1451 704 1490; x_wconf 91' lang='lat' dir='ltr'><strong>et</strong></span> <span class='ocrx_word' id='word_1_101' title='bbox 740 1441 922 1490; x_wconf 89' lang='lat' dir='ltr'><strong>crebris</strong></span> <span class='ocrx_word' id='word_1_102' title='bbox 959 1441 1109 1490; x_wconf 90' lang='lat' dir='ltr'><strong>micat</strong></span> <span class='ocrx_word' id='word_1_103' title='bbox 1145 1442 1341 1504; x_wconf 88' lang='lat' dir='ltr'><strong>ignibus</strong></span> <span class='ocrx_word' id='word_1_104' title='bbox 1377 1443 1547 1490; x_wconf 90' lang='lat' dir='ltr'><strong>aether</strong></span> <span class='ocrx_word' id='word_1_105' title='bbox 1846 1462 1900 1504; x_wconf 88' lang='lat'><strong>90</strong></span> 
     </span>
     <span class='ocr_line' id='line_1_17' title="bbox 219 1522 1530 1587; baseline 0.001 -16"><span class='ocrx_word' id='word_1_106' title='bbox 219 1533 631 1587; x_wconf 89' lang='lat' dir='ltr'><strong>praesentemque</strong></span> <span class='ocrx_word' id='word_1_107' title='bbox 667 1523 779 1571; x_wconf 91' lang='lat' dir='ltr'><strong>viris</strong></span> <span class='ocrx_word' id='word_1_108' title='bbox 816 1522 1063 1571; x_wconf 89' lang='lat' dir='ltr'><strong>intentant</strong></span> <span class='ocrx_word' id='word_1_109' title='bbox 1101 1523 1271 1572; x_wconf 92' lang='lat' dir='ltr'><strong>omnia</strong></span> <span class='ocrx_word' id='word_1_110' title='bbox 1306 1533 1530 1572; x_wconf 89' lang='lat' dir='ltr'><strong>mortem.</strong></span> 
     </span>
     <span class='ocr_line' id='line_1_18' title="bbox 220 1605 1508 1668; baseline -0.001 -14"><span class='ocrx_word' id='word_1_111' title='bbox 220 1607 469 1668; x_wconf 89' lang='lat' dir='ltr'><strong>externplo</strong></span> <span class='ocrx_word' id='word_1_112' title='bbox 505 1608 708 1654; x_wconf 91' lang='lat' dir='ltr'><strong>Aeneae</strong></span> <span class='ocrx_word' id='word_1_113' title='bbox 744 1607 1001 1654; x_wconf 91' lang='lat' dir='ltr'><strong>solvuntur</strong></span> <span class='ocrx_word' id='word_1_114' title='bbox 1036 1605 1213 1668; x_wconf 88' lang='lat' dir='ltr'><strong>frigore</strong></span> <span class='ocrx_word' id='word_1_115' title='bbox 1250 1606 1474 1654; x_wconf 90' lang='lat' dir='ltr'><strong>membra</strong></span> <span class='ocrx_word' id='word_1_116' title='bbox 1493 1624 1508 1666; x_wconf 83' lang='lat'><em>3</em></span> 
     </span>
     <span class='ocr_line' id='line_1_19' title="bbox 219 1686 1531 1750; baseline 0.001 -15"><span class='ocrx_word' id='word_1_117' title='bbox 219 1687 424 1750; x_wconf 88' lang='lat' dir='ltr'><strong>ingemit</strong></span> <span class='ocrx_word' id='word_1_118' title='bbox 461 1696 509 1735; x_wconf 87' lang='lat' dir='ltr'><strong>et</strong></span> <span class='ocrx_word' id='word_1_119' title='bbox 546 1686 757 1750; x_wconf 90' lang='lat' dir='ltr'><strong>duplicis</strong></span> <span class='ocrx_word' id='word_1_120' title='bbox 794 1688 1005 1735; x_wconf 90' lang='lat' dir='ltr'><strong>tendens</strong></span> <span class='ocrx_word' id='word_1_121' title='bbox 1042 1688 1107 1735; x_wconf 93' lang='lat' dir='ltr'><strong>ad</strong></span> <span class='ocrx_word' id='word_1_122' title='bbox 1144 1686 1304 1736; x_wconf 87' lang='lat' dir='ltr'><strong>sidera</strong></span> <span class='ocrx_word' id='word_1_123' title='bbox 1341 1689 1531 1750; x_wconf 89' lang='lat' dir='ltr'><strong>palmas</strong></span> 
     </span>
     <span class='ocr_line' id='line_1_20' title="bbox 218 1769 1504 1832; baseline -0.001 -14"><span class='ocrx_word' id='word_1_124' title='bbox 218 1769 334 1818; x_wconf 90' lang='lat' dir='ltr'><strong>talia</strong></span> <span class='ocrx_word' id='word_1_125' title='bbox 368 1786 491 1818; x_wconf 90' lang='lat' dir='ltr'><strong>voce</strong></span> <span class='ocrx_word' id='word_1_126' title='bbox 527 1771 703 1818; x_wconf 90' lang='lat' dir='ltr'><strong>refert:</strong></span> <span class='ocrx_word' id='word_1_127' title='bbox 745 1773 803 1818; x_wconf 93' lang='lat' dir='ltr'><strong>‘o</strong></span> <span class='ocrx_word' id='word_1_128' title='bbox 839 1778 1012 1832; x_wconf 87' lang='lat' dir='ltr'><strong>terque</strong></span> <span class='ocrx_word' id='word_1_129' title='bbox 1049 1778 1320 1832; x_wconf 90' lang='lat' dir='ltr'><strong>quaterque</strong></span> <span class='ocrx_word' id='word_1_130' title='bbox 1357 1769 1504 1829; x_wconf 89' lang='lat' dir='ltr'><strong>beati,</strong></span> 
     </span>
     <span class='ocr_line' id='line_1_21' title="bbox 219 1851 1915 1914; baseline 0.001 -15"><span class='ocrx_word' id='word_1_131' title='bbox 219 1851 328 1914; x_wconf 91' lang='lat' dir='ltr'><strong>quis</strong></span> <span class='ocrx_word' id='word_1_132' title='bbox 365 1860 480 1900; x_wconf 90' lang='lat' dir='ltr'><strong>ante</strong></span> <span class='ocrx_word' id='word_1_133' title='bbox 517 1868 602 1900; x_wconf 88' lang='lat' dir='ltr'><strong>ora</strong></span> <span class='ocrx_word' id='word_1_134' title='bbox 636 1860 831 1913; x_wconf 88' lang='lat' dir='ltr'><strong>patrum</strong></span> <span class='ocrx_word' id='word_1_135' title='bbox 868 1851 1049 1900; x_wconf 90' lang='lat' dir='ltr'><strong>Troiae</strong></span> <span class='ocrx_word' id='word_1_136' title='bbox 1086 1852 1179 1900; x_wconf 91' lang='lat' dir='ltr'><strong>sub</strong></span> <span class='ocrx_word' id='word_1_137' title='bbox 1217 1851 1481 1900; x_wconf 90' lang='lat' dir='ltr'><strong>moenibus</strong></span> <span class='ocrx_word' id='word_1_138' title='bbox 1519 1851 1629 1900; x_wconf 90' lang='lat' dir='ltr'><strong>altis</strong></span> <span class='ocrx_word' id='word_1_139' title='bbox 1689 1872 1694 1878; x_wconf 90' lang='lat'><strong>·</strong></span> <span class='ocrx_word' id='word_1_140' title='bbox 1841 1872 1915 1914; x_wconf 80' lang='lat'><strong>95·</strong></span> 
     </span>
     <span class='ocr_line' id='line_1_22' title="bbox 217 1932 1572 1996; baseline 0 -15"><span class='ocrx_word' id='word_1_141' title='bbox 217 1932 423 1995; x_wconf 87' lang='lat' dir='ltr'><strong>contigit</strong></span> <span class='ocrx_word' id='word_1_142' title='bbox 459 1936 723 1995; x_wconf 84' lang='lat' dir='ltr'><strong>oppetere!</strong></span> <span class='ocrx_word' id='word_1_143' title='bbox 773 1950 804 1981; x_wconf 95' lang='lat' dir='ltr'><strong>o</strong></span> <span class='ocrx_word' id='word_1_144' title='bbox 843 1935 1075 1980; x_wconf 90' lang='lat' dir='ltr'><strong>Danaum</strong></span> <span class='ocrx_word' id='word_1_145' title='bbox 1113 1933 1376 1983; x_wconf 89' lang='lat' dir='ltr'><strong>fortissime</strong></span> <span class='ocrx_word' id='word_1_146' title='bbox 1413 1933 1572 1996; x_wconf 89' lang='lat' dir='ltr'><strong>gentis</strong></span> 
     </span>
     <span class='ocr_line' id='line_1_23' title="bbox 216 2013 1405 2079; baseline 0.002 -16"><span class='ocrx_word' id='word_1_147' title='bbox 216 2014 446 2077; x_wconf 83' lang='lat' dir='ltr'><strong>Tydide!</strong></span> <span class='ocrx_word' id='word_1_148' title='bbox 496 2031 642 2063; x_wconf 91' lang='lat' dir='ltr'><strong>mene</strong></span> <span class='ocrx_word' id='word_1_149' title='bbox 680 2013 844 2062; x_wconf 87' lang='lat' dir='ltr'><strong>Iliacis</strong></span> <span class='ocrx_word' id='word_1_150' title='bbox 881 2015 1179 2063; x_wconf 90' lang='lat' dir='ltr'><strong>occumbere</strong></span> <span class='ocrx_word' id='word_1_151' title='bbox 1217 2016 1405 2079; x_wconf 86' lang='lat' dir='ltr'><strong>campis</strong></span> 
     </span>
     <span class='ocr_line' id='line_1_24' title="bbox 216 2095 1728 2158; baseline 0.002 -14"><span class='ocrx_word' id='word_1_152' title='bbox 216 2113 319 2144; x_wconf 94' lang='lat' dir='ltr'><strong>non</strong></span> <span class='ocrx_word' id='word_1_153' title='bbox 356 2096 576 2158; x_wconf 89' lang='lat' dir='ltr'><strong>potuisse</strong></span> <span class='ocrx_word' id='word_1_154' title='bbox 607 2105 796 2158; x_wconf 87' lang='lat' dir='ltr'><strong>tuaque</strong></span> <span class='ocrx_word' id='word_1_155' title='bbox 831 2095 1049 2144; x_wconf 89' lang='lat' dir='ltr'><strong>animam</strong></span> <span class='ocrx_word' id='word_1_156' title='bbox 1086 2099 1216 2147; x_wconf 87' lang='lat' dir='ltr'><strong>hanc</strong></span> <span class='ocrx_word' id='word_1_157' title='bbox 1254 2101 1508 2149; x_wconf 85' lang='lat' dir='ltr'><strong>effundere</strong></span> <span class='ocrx_word' id='word_1_158' title='bbox 1545 2101 1728 2158; x_wconf 88' lang='lat' dir='ltr'><strong>dextra,</strong></span> 
     </span>
     <span class='ocr_line' id='line_1_25' title="bbox 216 2176 1682 2243; baseline 0.001 -17"><span class='ocrx_word' id='word_1_159' title='bbox 216 2194 390 2226; x_wconf 91' lang='lat' dir='ltr'><strong>saevus</strong></span> <span class='ocrx_word' id='word_1_160' title='bbox 427 2177 513 2225; x_wconf 91' lang='lat' dir='ltr'><strong>ubi</strong></span> <span class='ocrx_word' id='word_1_161' title='bbox 549 2176 801 2225; x_wconf 91' lang='lat' dir='ltr'><strong>Aeacidae</strong></span> <span class='ocrx_word' id='word_1_162' title='bbox 836 2179 936 2226; x_wconf 89' lang='lat' dir='ltr'><strong>telo</strong></span> <span class='ocrx_word' id='word_1_163' title='bbox 973 2178 1099 2227; x_wconf 91' lang='lat' dir='ltr'><strong>iacet</strong></span> <span class='ocrx_word' id='word_1_164' title='bbox 1139 2183 1346 2241; x_wconf 88' lang='lat' dir='ltr'><strong>Hector,</strong></span> <span class='ocrx_word' id='word_1_165' title='bbox 1386 2181 1472 2230; x_wconf 91' lang='lat' dir='ltr'><strong>ubi</strong></span> <span class='ocrx_word' id='word_1_166' title='bbox 1508 2181 1682 2243; x_wconf 91' lang='lat' dir='ltr'><strong>ingens</strong></span> 
     </span>
     <span class='ocr_line' id='line_1_26' title="bbox 216 2257 1906 2325; baseline 0 -18"><span class='ocrx_word' id='word_1_167' title='bbox 216 2260 487 2321; x_wconf 89' lang='lat' dir='ltr'><strong>Sarpedon,</strong></span> <span class='ocrx_word' id='word_1_168' title='bbox 527 2257 613 2306; x_wconf 93' lang='lat' dir='ltr'><strong>ubi</strong></span> <span class='ocrx_word' id='word_1_169' title='bbox 649 2267 723 2306; x_wconf 91' lang='lat' dir='ltr'><strong>tot</strong></span> <span class='ocrx_word' id='word_1_170' title='bbox 760 2258 939 2307; x_wconf 89' lang='lat' dir='ltr'><strong>Simois</strong></span> <span class='ocrx_word' id='word_1_171' title='bbox 977 2271 1202 2325; x_wconf 91' lang='lat' dir='ltr'><strong>correpta</strong></span> <span class='ocrx_word' id='word_1_172' title='bbox 1239 2264 1330 2312; x_wconf 93' lang='lat' dir='ltr'><strong>sub</strong></span> <span class='ocrx_word' id='word_1_173' title='bbox 1368 2262 1516 2312; x_wconf 91' lang='lat' dir='ltr'><strong>undis</strong></span> <span class='ocrx_word' id='word_1_174' title='bbox 1815 2260 1906 2308; x_wconf 74' lang='lat'>100&#39;</span> 
     </span>
     <span class='ocr_line' id='line_1_27' title="bbox 216 2339 1604 2408; baseline 0.002 -21"><span class='ocrx_word' id='word_1_175' title='bbox 216 2349 355 2388; x_wconf 90' lang='lat' dir='ltr'><strong>scuta</strong></span> <span class='ocrx_word' id='word_1_176' title='bbox 389 2339 548 2388; x_wconf 90' lang='lat' dir='ltr'><strong>virum</strong></span> <span class='ocrx_word' id='word_1_177' title='bbox 584 2341 848 2403; x_wconf 85' lang='lat' dir='ltr'><strong>galeasque</strong></span> <span class='ocrx_word' id='word_1_178' title='bbox 886 2350 934 2390; x_wconf 91' lang='lat' dir='ltr'><strong>et</strong></span> <span class='ocrx_word' id='word_1_179' title='bbox 970 2343 1114 2392; x_wconf 87' lang='lat' dir='ltr'><strong>fortia</strong></span> <span class='ocrx_word' id='word_1_180' title='bbox 1153 2362 1359 2408; x_wconf 91' lang='lat' dir='ltr'><strong>corpora</strong></span> <span class='ocrx_word' id='word_1_181' title='bbox 1395 2343 1547 2392; x_wconf 89' lang='lat' dir='ltr'><strong>volvit</strong></span> <span class='ocrx_word' id='word_1_182' title='bbox 1569 2344 1604 2390; x_wconf 79' lang='lat'><strong>1’</strong></span> 
     </span>
     <span class='ocr_line' id='line_1_28' title="bbox 283 2421 1453 2490; baseline 0.004 -22"><span class='ocrx_word' id='word_1_183' title='bbox 283 2421 425 2469; x_wconf 91' lang='lat' dir='ltr'><strong>Talia</strong></span> <span class='ocrx_word' id='word_1_184' title='bbox 460 2421 661 2469; x_wconf 89' lang='lat' dir='ltr'><strong>iactanti</strong></span> <span class='ocrx_word' id='word_1_185' title='bbox 698 2422 909 2473; x_wconf 89' lang='lat' dir='ltr'><strong>stridens</strong></span> <span class='ocrx_word' id='word_1_186' title='bbox 947 2427 1199 2490; x_wconf 92' lang='lat' dir='ltr'><strong>Aquilone</strong></span> <span class='ocrx_word' id='word_1_187' title='bbox 1236 2428 1453 2490; x_wconf 91' lang='lat' dir='ltr'><strong>procella</strong></span> 
     </span>
     <span class='ocr_line' id='line_1_29' title="bbox 215 2501 1572 2573; baseline 0.003 -21"><span class='ocrx_word' id='word_1_188' title='bbox 215 2506 379 2552; x_wconf 90' lang='lat' dir='ltr'><strong>velum</strong></span> <span class='ocrx_word' id='word_1_189' title='bbox 416 2506 621 2553; x_wconf 88' lang='lat' dir='ltr'><strong>adversa</strong></span> <span class='ocrx_word' id='word_1_190' title='bbox 656 2506 778 2566; x_wconf 89' lang='lat' dir='ltr'><strong>ferit,</strong></span> <span class='ocrx_word' id='word_1_191' title='bbox 818 2511 1099 2573; x_wconf 88' lang='lat' dir='ltr'><strong>fluctusque</strong></span> <span class='ocrx_word' id='word_1_192' title='bbox 1136 2513 1200 2559; x_wconf 87' lang='lat' dir='ltr'><strong>ad</strong></span> <span class='ocrx_word' id='word_1_193' title='bbox 1238 2510 1398 2559; x_wconf 89' lang='lat' dir='ltr'><strong>sidera</strong></span> <span class='ocrx_word' id='word_1_194' title='bbox 1433 2501 1572 2557; x_wconf 91' lang='lat' dir='ltr'><strong>tollit.</strong></span> 
     </span>
     <span class='ocr_line' id='line_1_30' title="bbox 216 2587 1476 2655; baseline 0.003 -22"><span class='ocrx_word' id='word_1_195' title='bbox 216 2588 504 2648; x_wconf 90' lang='lat' dir='ltr'><strong>franguntur</strong></span> <span class='ocrx_word' id='word_1_196' title='bbox 538 2587 674 2646; x_wconf 90' lang='lat' dir='ltr'><strong>remi,</strong></span> <span class='ocrx_word' id='word_1_197' title='bbox 714 2599 820 2639; x_wconf 90' lang='lat' dir='ltr'><strong>tum</strong></span> <span class='ocrx_word' id='word_1_198' title='bbox 856 2609 1000 2655; x_wconf 91' lang='lat' dir='ltr'><strong>prora</strong></span> <span class='ocrx_word' id='word_1_199' title='bbox 1035 2591 1207 2640; x_wconf 91' lang='lat' dir='ltr'><strong>avertit</strong></span> <span class='ocrx_word' id='word_1_200' title='bbox 1245 2600 1293 2640; x_wconf 92' lang='lat' dir='ltr'><strong>et</strong></span> <span class='ocrx_word' id='word_1_201' title='bbox 1329 2590 1476 2639; x_wconf 91' lang='lat' dir='ltr'><strong>undis</strong></span> 
     </span>
    </p>
   </div>
   <div class='ocr_carea' id='block_1_3' title="bbox 215 2665 1890 2814">
    <p class='ocr_par' dir='ltr' id='par_1_3' title="bbox 215 2665 1890 2814">
     <span class='ocr_line' id='line_1_31' title="bbox 215 2665 1890 2736; baseline 0.001 -21"><span class='ocrx_word' id='word_1_202' title='bbox 215 2669 300 2716; x_wconf 90' lang='lat' dir='ltr'><strong>dat</strong></span> <span class='ocrx_word' id='word_1_203' title='bbox 337 2670 477 2728; x_wconf 82' lang='lat' dir='ltr'><strong>latuS,</strong></span> <span class='ocrx_word' id='word_1_204' title='bbox 516 2669 791 2733; x_wconf 91' lang='lat' dir='ltr'><strong>insequitur</strong></span> <span class='ocrx_word' id='word_1_205' title='bbox 819 2675 1030 2722; x_wconf 88' lang='lat' dir='ltr'><strong>cumulo</strong></span> <span class='ocrx_word' id='word_1_206' title='bbox 1067 2681 1356 2736; x_wconf 88' lang='lat' dir='ltr'><strong>praeruptus</strong></span> <span class='ocrx_word' id='word_1_207' title='bbox 1393 2687 1552 2733; x_wconf 91' lang='lat' dir='ltr'><strong>aquae</strong></span> <span class='ocrx_word' id='word_1_208' title='bbox 1588 2686 1746 2719; x_wconf 88' lang='lat' dir='ltr'><strong>mons.</strong></span> <span class='ocrx_word' id='word_1_209' title='bbox 1775 2665 1778 2669; x_wconf 81' lang='grc'><strong>’</strong></span> <span class='ocrx_word' id='word_1_210' title='bbox 1815 2689 1890 2729; x_wconf 84' lang='lat'><strong>105</strong></span> 
     </span>
     <span class='ocr_line' id='line_1_32' title="bbox 215 2746 1777 2814; baseline 0.001 -20"><span class='ocrx_word' id='word_1_211' title='bbox 215 2746 267 2794; x_wconf 92' lang='lat' dir='ltr'><strong>hi</strong></span> <span class='ocrx_word' id='word_1_212' title='bbox 304 2763 501 2796; x_wconf 90' lang='lat' dir='ltr'><strong>summo</strong></span> <span class='ocrx_word' id='word_1_213' title='bbox 537 2748 588 2796; x_wconf 92' lang='lat' dir='ltr'><strong>in</strong></span> <span class='ocrx_word' id='word_1_214' title='bbox 625 2753 778 2799; x_wconf 89' lang='lat' dir='ltr'><strong>fluctu</strong></span> <span class='ocrx_word' id='word_1_215' title='bbox 816 2753 1038 2814; x_wconf 90' lang='lat' dir='ltr'><strong>pendent</strong></span> <span class='ocrx_word' id='word_1_216' title='bbox 1059 2770 1072 2811; x_wconf 81' lang='lat'><em>3</em></span> <span class='ocrx_word' id='word_1_217' title='bbox 1119 2751 1195 2799; x_wconf 89' lang='lat' dir='ltr'><strong>his</strong></span> <span class='ocrx_word' id='word_1_218' title='bbox 1232 2752 1368 2799; x_wconf 92' lang='lat' dir='ltr'><strong>unda</strong></span> <span class='ocrx_word' id='word_1_219' title='bbox 1404 2748 1666 2798; x_wconf 89' lang='lat' dir='ltr'><strong>dehiscens</strong></span> <span class='ocrx_word' id='word_1_220' title='bbox 1751 2788 1777 2791; x_wconf 12' lang='grc' dir='ltr'><strong>γ.</strong></span> 
     </span>
    </p>
   </div>
   <div class='ocr_carea' id='block_1_4' title="bbox 216 2875 1896 3042">
    <p class='ocr_par' dir='ltr' id='par_1_4' title="bbox 216 2875 1896 3042">
     <span class='ocr_line' id='line_1_33' title="bbox 272 2875 1891 2934; baseline -0.005 -15"><span class='ocrx_word' id='word_1_221' title='bbox 272 2882 435 2929; x_wconf 85' lang='lat'>75-106</span> <span class='ocrx_word' id='word_1_222' title='bbox 455 2882 547 2920; x_wconf 85' lang='lat' dir='ltr'><strong>MR</strong></span> <span class='ocrx_word' id='word_1_223' title='bbox 676 2884 728 2932; x_wconf 89' lang='lat'><strong>84</strong></span> <span class='ocrx_word' id='word_1_224' title='bbox 759 2882 915 2934; x_wconf 85' lang='lat' dir='ltr'><strong>totum]</strong></span> <span class='ocrx_word' id='word_1_225' title='bbox 938 2887 1093 2920; x_wconf 87' lang='lat' dir='ltr'><strong>tortum</strong></span> <span class='ocrx_word' id='word_1_226' title='bbox 1115 2879 1344 2918; x_wconf 87' lang='lat' dir='ltr'><strong>Markland</strong></span> <span class='ocrx_word' id='word_1_227' title='bbox 1481 2891 1557 2917; x_wconf 91' lang='lat'><strong>100</strong></span> <span class='ocrx_word' id='word_1_228' title='bbox 1589 2877 1649 2914; x_wconf 79' lang='lat' dir='ltr'><strong>‘et</strong></span> <span class='ocrx_word' id='word_1_229' title='bbox 1666 2875 1744 2914; x_wconf 87' lang='lat' dir='ltr'><strong>sub</strong></span> <span class='ocrx_word' id='word_1_230' title='bbox 1764 2875 1891 2913; x_wconf 87' lang='lat' dir='ltr'><strong>undis</strong></span> 
     </span>
     <span class='ocr_line' id='line_1_34' title="bbox 216 2932 1891 2984; baseline -0.001 -13"><span class='ocrx_word' id='word_1_231' title='bbox 216 2935 394 2984; x_wconf 80' lang='lat' dir='ltr'><strong>legimus</strong></span> <span class='ocrx_word' id='word_1_232' title='bbox 412 2942 449 2975; x_wconf 83' lang='lat' dir='ltr'><strong>et</strong></span> <span class='ocrx_word' id='word_1_233' title='bbox 466 2937 545 2975; x_wconf 84' lang='lat' dir='ltr'><strong>sub</strong></span> <span class='ocrx_word' id='word_1_234' title='bbox 565 2938 702 2975; x_wconf 87' lang='lat' dir='ltr'><strong>undas</strong></span> <span class='ocrx_word' id='word_1_235' title='bbox 716 2938 726 2953; x_wconf 88' lang='lat'><em>&#39;</em></span> <span class='ocrx_word' id='word_1_236' title='bbox 749 2937 864 2976; x_wconf 84' lang='lat' dir='ltr'><strong>Serv.</strong></span> <span class='ocrx_word' id='word_1_237' title='bbox 1023 2948 1100 2984; x_wconf 88' lang='lat'><strong>103</strong></span> <span class='ocrx_word' id='word_1_238' title='bbox 1130 2936 1302 2974; x_wconf 88' lang='lat' dir='ltr'><strong>fluctum</strong></span> <span class='ocrx_word' id='word_1_239' title='bbox 1318 2932 1370 2970; x_wconf 94' lang='lat' dir='ltr'><em>M</em></span> <span class='ocrx_word' id='word_1_240' title='bbox 1375 2933 1464 2983; x_wconf 75' lang='lat' dir='ltr'><strong>¹7crr</strong></span> <span class='ocrx_word' id='word_1_241' title='bbox 1617 2943 1693 2979; x_wconf 89' lang='lat'><strong>104</strong></span> <span class='ocrx_word' id='word_1_242' title='bbox 1721 2940 1891 2979; x_wconf 89' lang='lat' dir='ltr'><strong>proram</strong></span> 
     </span>
     <span class='ocr_line' id='line_1_35' title="bbox 217 2987 1896 3042; baseline -0.007 -12"><span class='ocrx_word' id='word_1_243' title='bbox 217 2987 339 3039; x_wconf 63' lang='lat' dir='ltr'><strong>MRy</strong></span> <span class='ocrx_word' id='word_1_244' title='bbox 358 2990 582 3042; x_wconf 79' lang='lat' dir='ltr'><strong>Porphyrio</strong></span> <span class='ocrx_word' id='word_1_245' title='bbox 602 2992 656 3030; x_wconf 88' lang='lat' dir='ltr'><strong>D.</strong></span> <span class='ocrx_word' id='word_1_246' title='bbox 680 2991 792 3030; x_wconf 78' lang='lat' dir='ltr'><strong>Serv.</strong></span> <span class='ocrx_word' id='word_1_247' title='bbox 1893 3016 1896 3018; x_wconf 12' lang='lat' dir='ltr'><strong>r</strong></span> 
     </span>
    </p>
   </div>
  </div>
 </body>
</html>
