2014 3372
218 178 271 225 P.
313 179 613 227 VERGILI
653 180 979 230 MARONIS

216 333 310 365 nec
347 326 448 366 tarn
483 335 681 367 aversus
719 336 874 382 equos
912 320 1059 383 Tyria
1095 322 1179 370 Sol
1215 321 1371 386 iungit
1406 324 1471 372 ab
1507 325 1640 374 urbe.

216 414 303 446 seu
339 415 427 447 vos
463 399 762 461 Hesperiam
799 417 1031 464 magnam
1065 402 1391 466 Saturniaque
1425 421 1539 454 arva

215 478 317 527 sive
355 479 524 542 Erycis
562 480 674 529 finis
711 498 977 545 regemque
1020 483 1201 547 optatis
1237 487 1469 546 Acesten,

213 560 396 609 auxilio
433 571 565 610 tutos
604 561 852 611 dimittam
892 563 1172 628 opibusque
1209 565 1403 616 iuvabo.
1453 603 1456 606 -

213 642 359 690 vultis
396 652 445 691 et
481 643 557 692 his
595 661 793 693 mecum
831 645 1011 708 pariter
1047 646 1305 696 considere
1340 648 1543 712 regnis?

213 724 388 772 urbem
426 742 576 788 quam
614 735 790 786 statuo,
832 737 992 776 vestra
1030 737 1103 776 est
1120 747 1133 789 3
1183 730 1445 779 subducite
1480 730 1618 780 navis
1635 750 1650 793 ,·

213 806 339 854 Tros
376 806 654 870 Tyriusque
691 807 814 855 mihi
851 811 989 857 nullo
1026 809 1310 860 discrimine
1345 821 1527 875 agetur.

212 897 363 949 atque
398 887 589 936 utinam
627 906 710 938 rex
746 889 852 952 ipse
890 899 1011 939 noto
1050 893 1337 954 compulsus
1374 895 1553 943 eodem

212 970 404 1018 adforet
440 971 667 1019 Aeneas!
718 970 952 1034 equidem
989 988 1077 1035 per
1112 972 1255 1022 litora
1291 983 1450 1023 certos

212 1050 459 1099 dimittam
498 1061 546 1100 et
583 1052 771 1115 Libyae
808 1055 1012 1103 lustrare
1050 1063 1267 1104 extrema
1302 1055 1499 1116 iubebo,

211 1131 250 1179 si
289 1132 468 1195 quibus
506 1132 691 1182 eiectus
729 1133 861 1183 silvis
898 1144 983 1183 aut
1020 1135 1224 1185 urbibus
1262 1140 1417 1186 errat.'

281 1212 378 1261 His
414 1213 637 1262 animum
675 1215 848 1264 arrecti
886 1215 1031 1265 dictis
1069 1226 1118 1265 et
1154 1217 1292 1266 fortis
1328 1220 1547 1268 Achates

211 1304 260 1343 et
295 1305 434 1358 pater
468 1298 666 1345 Aeneas
705 1296 1000 1346 iamdudum
1039 1315 1295 1362 erumpere
1332 1301 1520 1349 nubem

210 1377 463 1429 ardebant.
537 1377 669 1441 prior
706 1381 915 1428 Aenean
954 1382 1219 1443 compellat
1256 1383 1503 1431 Achates:

214 1462 358 1507 ‘nate
395 1460 503 1519 dea,
543 1476 671 1522 quae
708 1477 842 1508 nunc
879 1460 1048 1509 animo
1087 1462 1331 1510 sententia
1369 1463 1559 1527 surgit?

210 1539 378 1587 omnia
415 1549 519 1588 tuta
554 1540 707 1600 vides,
747 1543 956 1589 classem
994 1541 1256 1606 sociosque
1294 1554 1531 1607 receptos.

209 1637 338 1668 unus
374 1621 528 1681 abest,
568 1621 736 1671 medio
773 1621 823 1670 in
861 1624 1014 1671 fluctu
1054 1640 1204 1686 quern
1242 1624 1456 1674 vidimus
1493 1625 1587 1688 ipsi

209 1717 538 1750 summersum
555 1720 569 1764 3
612 1702 757 1751 dictis
794 1705 1100 1767 respondent
1138 1713 1301 1754 cetera
1337 1705 1534 1754 matris.'

208 1781 288 1830 vix
324 1799 382 1831 ea
417 1784 545 1831 fatus
582 1793 685 1832 erat
722 1801 837 1833 cum
877 1785 1174 1835 circumfusa
1211 1796 1414 1849 repente

209 1862 390 1912 scindit
427 1881 478 1912 se
515 1864 674 1913 nubes
711 1874 759 1913 et
795 1865 847 1913 in
884 1868 1084 1915 aethera
1120 1877 1294 1931 purgat
1331 1877 1569 1932 apertum.

209 1945 382 1994 restitit
421 1948 617 1995 Aeneas
655 1948 884 2010 claraque
920 1947 971 1995 in
1009 1950 1120 1998 luce
1159 1949 1346 1998 refulsit

209 2044 264 2076 os
301 2044 599 2091 umerosque
636 2030 733 2078 deo
770 2029 942 2079 similis
962 2049 975 2091 ,-
1026 2049 1244 2095 namque
1281 2032 1387 2096 ipsa
1424 2035 1657 2083 decoram

208 2110 475 2159 caesariem
513 2120 631 2160 nato
667 2111 887 2174 genetrix
927 2115 1196 2177 lumenque
1236 2115 1465 2164 iuventae

207 2208 509 2254 purpureum
547 2202 595 2241 et
631 2195 787 2242 laetos
825 2194 981 2242 oculis
1021 2197 1225 2245 adflarat
1264 2199 1508 2246 honores:

209 2275 355 2336 quale
392 2290 567 2321 manus
603 2275 797 2322 addunt
834 2275 971 2324 ebori
1011 2278 1177 2337 decus,
1218 2287 1303 2326 aut
1339 2278 1425 2327 ubi
1462 2280 1590 2326 flavo

207 2364 465 2417 argentum
503 2354 735 2404 Pariusve
772 2358 896 2420 lapis
937 2358 1270 2409 circumdatur
1305 2377 1438 2409 auro.

208 2445 314 2484 tum
351 2436 421 2484 sic
458 2435 677 2498 reginam
713 2439 998 2502 adloquitur
1037 2441 1328 2504 cunctisque
1364 2450 1567 2504 repente

207 2516 501 2580 improvisus
538 2518 636 2567 ait:
677 2528 888 2582 ‘coram,
933 2541 1082 2587 quem
1122 2523 1367 2587 quaeritis,
1406 2525 1597 2581 adsum,

208 2599 387 2648 Troius
424 2603 633 2661 Aeneas,
677 2603 876 2666 Libycis
916 2615 1112 2669 ereptus
1148 2605 1213 2653 ab
1249 2604 1409 2653 undis.

209 2698 239 2729 o
277 2683 381 2730 sola
416 2683 647 2731 infandos
686 2686 866 2734 Troiae
904 2687 1132 2735 miserata
1167 2687 1373 2745 labores,

1812 506 1895 550 570

1810 911 1888 956 575

1809 1718 1887 1768 585

1807 2135 1890 2178 590

1808 2542 1886 2584 595

264 2817 454 2866 568-585
496 2816 654 2863 MPR3
705 2818 895 2866 586-597
936 2815 1103 2854 FMPR
1352 2827 1430 2863 572
1461 2815 1620 2864 pariter
1653 2826 1814 2852 mecum
1848 2813 1891 2851 P

209 2881 289 2918 574
320 2871 494 2923 agetur]
518 2873 698 2910 habetur
718 2871 881 2909 Nonius
1113 2871 1194 2919 578
1224 2868 1418 2920 urbibus]
1449 2869 1662 2907 montibus
1681 2868 1886 2907 deten'ores

209 2924 383 2971 quidam
405 2927 635 2965 Burmann
797 2938 880 2975 590
909 2938 1155 2975 numenque
1176 2924 1219 2962 F
1221 2924 1234 2946 ¹
1394 2925 1565 2962 iuventa
1583 2920 1628 2959 P

208 2978 379 3018 adflavit
407 2981 465 3019 P¹
648 2991 730 3031 593
762 2979 994 3030 Pariusque
1011 2979 1180 3019 PAcro

1803 2934 1880 2972 59Ι
