2014 3372
229 147 282 195 P.
322 147 622 195 VERGILI
662 145 988 195 MARONIS

226 287 481 335 descendo
517 303 575 335 ac
612 287 827 334 ducente
865 285 962 333 deo
998 285 1251 332 flammam
1288 282 1415 332 inter
1451 291 1500 331 et
1535 280 1729 342 hostis-

226 368 488 432 expedior:
537 369 659 416 dant
695 368 792 415 tela
827 368 995 414 locum
1032 367 1362 428 flammaeque
1398 364 1651 412 recedunt.

293 451 460 511 Atque
497 447 584 497 ubi
620 447 719 496 iam
755 446 942 511 patriae
978 455 1270 510 perventum
1307 447 1372 494 ad
1409 444 1580 493 limina
1616 441 1747 493 sedis

223 529 552 593 antiquasque
589 530 780 588 domos,
821 527 1024 591 genitor,
1065 544 1216 590 quem
1253 528 1424 575 tollere
1460 525 1511 573 in
1547 526 1674 574 altos
1820 531 1901 585 635

224 612 460 675 optabam
497 609 713 674 primum
750 609 932 658 montis
969 609 1285 673 primumque
1322 607 1569 670 petebam,

223 694 438 757 abnegat
475 692 638 742 excisa
673 692 826 740 vitam
863 693 1139 755 producere
1176 689 1326 738 Troia

223 774 548 838 exsiliumque
584 774 700 837 pati.
780 777 892 822 ‘vos
930 790 973 832 o,
1015 771 1195 836 quibus
1232 771 1420 835 integer
1454 769 1563 819 aevi

224 856 451 920 sanguis,’
488 856 568 916 ait,
615 855 933 918 ‘solidaeque
970 871 1061 903 suo
1098 862 1229 902 stant
1265 854 1442 902 robore
1478 842 1635 910 vires,

222 955 310 986 vos
346 937 526 1002 agitate
563 938 744 1000 fugam.
1821 938 1904 992 640

223 1037 302 1068 me
340 1019 380 1068 si
417 1019 682 1068 caelicolae
717 1018 989 1068 voluissent
1026 1019 1208 1067 ducere
1244 1016 1408 1076 vitam,

222 1103 311 1150 has
349 1100 472 1149 mihi
509 1109 784 1150 servassent
821 1102 977 1150 sedes.
1053 1099 1169 1147 satis
1206 1115 1306 1147 una
1342 1113 1588 1161 superque

221 1183 435 1231 vidimus
473 1182 664 1232 excidia
700 1192 749 1231 et
785 1191 958 1245 captae
995 1180 1333 1244 superavimus
1369 1179 1491 1228 urbi.

222 1264 292 1313 sic
329 1281 359 1313 o
397 1263 467 1313 sic
503 1263 723 1328 positum
759 1262 912 1312 adfati
949 1262 1192 1311 discedite
1230 1278 1420 1324 corpus.

221 1346 328 1410 ipse
365 1364 516 1395 manu
553 1355 765 1395 mortem
801 1344 1050 1394 inveniam
1069 1363 1082 1405 3
1130 1343 1440 1392 miserebitur
1477 1342 1632 1391 hostis
1819 1349 1899 1403 645

222 1429 521 1492 exuviasque
557 1437 705 1491 petet.
780 1427 936 1476 facilis
973 1427 1159 1475 iactura
1196 1425 1419 1488 sepulcri.

221 1509 319 1559 iam
357 1509 549 1573 pridem
586 1509 771 1557 invisus
809 1508 934 1557 divis
972 1517 1020 1557 et
1056 1507 1241 1556 inutilis
1278 1523 1436 1555 annos

222 1594 466 1651 demoror,
508 1608 567 1640 ex
604 1607 704 1654 quo
742 1607 822 1639 me
860 1590 1030 1639 divum
1067 1587 1205 1653 pater
1240 1598 1390 1651 atque
1428 1586 1690 1636 hominum
1725 1603 1809 1636 rex

221 1672 440 1721 fulminis
477 1671 679 1721 adflavit
714 1671 872 1720 ventis
910 1680 958 1721 et
994 1670 1211 1735 contigit·
1236 1670 1367 1734 igni.'

290 1753 432 1802 Talia
468 1754 719 1817 perstabat
757 1756 1038 1802 memorans
1075 1754 1300 1815 fixusque
1337 1751 1583 1800 manebat.
1818 1755 1900 1809 650

222 1852 313 1884 nos
351 1844 523 1883 contra
559 1835 701 1884 effusi
737 1834 950 1883 lacrimis
988 1833 1305 1897 coniunxque
1343 1834 1530 1883 Creusa

221 1917 568 1979 Ascaniusque
605 1916 868 1979 omnisque
905 1918 1098 1975 domus,
1140 1933 1203 1964 ne
1239 1923 1425 1964 vertere
1461 1930 1632 1963 secum

222 2008 401 2047 cuncta
437 2008 575 2062 pater
611 2000 813 2061 fatoque
849 1997 1042 2061 urgenti
1078 1997 1366 2046 incumbere
1402 1997 1561 2044 vellet.

221 2081 434 2143 abnegat
470 2080 772 2143 inceptoque
810 2088 859 2128 et
895 2079 1097 2128 sedibus
1135 2081 1303 2128 haeret
1338 2078 1389 2126 in
1426 2077 1599 2126 isdem.

221 2179 385 2210 rursus
423 2162 473 2210 in
511 2179 647 2210 arma
683 2164 812 2211 feror
848 2171 1160 2224 mortemque
1197 2160 1497 2209 miserrimus
1536 2168 1670 2223 opto.
1816 2165 1895 2219 655

221 2260 338 2291 nam
376 2244 512 2307 quod
549 2243 812 2292 consilium
849 2252 934 2291 aut
971 2260 1099 2306 quae
1135 2243 1233 2291 iam
1269 2245 1466 2291 fortuna
1504 2242 1754 2291 dabatur?

225 2329 398 2375 ‘mene
435 2327 604 2375 efferre
640 2327 835 2389 pedem,
875 2324 1078 2388 genitor,
1119 2334 1168 2373 te
1203 2341 1350 2387 posse
1386 2323 1557 2373 relicto

221 2406 426 2470 sperasti
462 2414 756 2469 tantumque
792 2408 929 2454 nefas
965 2405 1124 2469 patrio
1161 2405 1342 2454 excidit
1380 2407 1502 2454 ore?

221 2487 261 2535 si
297 2486 419 2534 nihil
457 2503 516 2535 ex
552 2496 688 2535 tanta
724 2486 911 2550 superis
948 2488 1111 2550 placet
1148 2487 1269 2535 urbe
1307 2484 1531 2548 relinqui,

221 2578 269 2617 et
307 2570 446 2618 sedet
482 2570 579 2617 hoc
615 2568 784 2617 animo
821 2568 1164 2632 perituraeque
1202 2570 1386 2617 addere
1424 2565 1605 2615 Troiae
1815 2573 1897 2614 660

221 2659 369 2713 teque
406 2658 619 2712 tuosque
655 2649 821 2698 iuvat:
870 2659 1006 2712 patet
1042 2649 1121 2698 isti
1158 2649 1306 2697 ianua
1343 2650 1456 2707 leto,

221 2730 420 2793 iamque
456 2730 613 2779 aderit
650 2732 807 2778 multo
847 2729 1028 2777 Priami
1065 2731 1128 2778 de
1166 2728 1404 2793 sanguine
1443 2729 1671 2790 Pyrrhus,

275 2861 469 2909 632-662
500 2858 635 2898 MPV
865 2861 946 2907 632
977 2860 1058 2898 deo
1090 2858 1142 2896 M
1146 2859 1158 2880 ‘·’
1167 2857 1208 2897 V
1208 2857 1392 2910 '⁴'·y²a¹l›¹c‘3
1431 2861 1635 2897 testantur
1660 2854 1894 2895 Macrobius

222 2914 414 2953 Donatus
443 2914 588 2954 Seru:
621 2915 700 2953 dea
731 2912 1113 2964 M1P2V17¹a²b²c¹‚
1128 2914 1279 2964 probat
1296 2913 1512 2951 Deuticke:
1542 2912 1596 2950 de
1626 2909 1683 2949 Pl
1811 2912 1893 2959 645

222 2982 391 3007 manum
417 2968 535 3020 7¹a¹z
578 2981 755 3007 manens
785 2968 971 3018 KviZala,
998 2968 1148 3019 probat
1174 2967 1363 3007 Deuticke
1391 2968 1495 3016 1895
1608 2971 1743 3005 morte
1762 2963 1806 3004 P
1875 3002 1881 3005 .
