2014 3372
1361 137 1507 184 AEN
1511 137 1722 186 EIDOS
1758 135 1834 185 VI

168 273 372 321 tendere
406 271 499 321 iter
532 271 742 335 pennis:
779 271 901 321 'talis
938 289 1046 322 sese
1082 272 1262 322 halitus
1297 273 1412 322 atris
1756 295 1835 334 240

168 353 392 402 faucibus
429 355 689 402 effundens
726 370 901 416 supera
936 356 1002 403 ad
1038 371 1258 403 convexa
1292 356 1509 404 ferebat:

170 432 324 500 [unde
360 437 527 484 locum
564 435 681 484 Grai
717 435 944 484 dixerunt
980 436 1185 485 nomine
1220 435 1467 503 Aornon.]

167 524 399 577 quattuor
434 515 514 563 hic
549 515 764 578 primum
800 516 1034 578 nigrantis
1071 526 1204 581 terga
1238 517 1474 566 iuvencos

167 596 421 645 constituit
458 597 704 660 frontique
739 597 945 661 invergit
981 597 1095 646 vina
1131 600 1375 659 sacerdOS,

167 686 215 724 et
251 694 468 727 summas
506 695 710 741 carpens
747 679 913 728 media
947 679 1074 728 inter
1108 697 1295 729 cornua
1330 689 1488 729 saetas
1755 701 1832 742 245

166 757 361 820 ignibus
398 759 608 822 imponit
643 760 805 820 sacris,
837 761 1073 810 libamina
1107 761 1278 824 prima,

165 856 505 890 voce-vocans
544 844 774 890 Hecaten
812 844 1050 906 caeloque
1087 844 1354 907 Ereboque
1389 853 1660 907 potentem.

166 933 453 984 supponunt
488 923 569 971 alii
606 926 788 973 cultros
825 925 1149 988 tepidumque
1185 943 1410 974 cruorem

166 1003 439 1066 suscipiunt
474 1004 666 1067 pateris.
741 1005 846 1067 ipse
881 1005 971 1053 atri
1006 1006 1198 1054 velleris
1234 1023 1413 1069 agnam

165 1086 360 1132 Aeneas
397 1084 539 1133 matri
576 1086 913 1134 Eumenidum
950 1103 1258 1150 magnaeque
1295 1086 1450 1135 sorori
1755 1107 1835 1147 250

162 1181 282 1213 ense
319 1165 440 1224 ferit,
486 1166 800 1229 sterilemque
836 1167 939 1226 tibi,
976 1167 1281 1230 Proserpina,
1322 1184 1537 1217 vaccam.

165 1254 270 1292 tum
309 1245 475 1308 Stygio
511 1246 612 1308 regi
648 1256 914 1295 nocturnas
949 1246 1152 1296 incohat
1186 1264 1292 1296 aras

164 1335 212 1374 et
249 1326 407 1375 solida
442 1326 653 1389 imponit
689 1337 939 1376 taurorum
975 1328 1163 1377 viscera
1198 1329 1424 1389 flammis,

163 1406 345 1470 pingue
381 1424 527 1469 super
562 1409 728 1456 oleum
764 1410 979 1456 fundens
1014 1408 1302 1458 ardentibus
1339 1409 1474 1458 extis.

164 1505 280 1546 ecce
315 1498 480 1537 autem
517 1489 661 1551 primi
698 1490 790 1538 sub
827 1490 1016 1538 lumina
1052 1490 1169 1539 solis
1205 1500 1254 1539 et
1290 1500 1425 1539 ortus
1756 1512 1829 1551 255

160 1570 256 1617 sub
291 1569 504 1631 pedibus
541 1569 728 1633 mugire
765 1572 926 1618 solum
964 1580 1012 1619 et
1048 1570 1161 1634 iuga
1197 1580 1374 1633 coepta
1410 1571 1597 1620 moveri

163 1649 407 1709 silvarum,
446 1650 677 1712 visaeque
713 1667 860 1698 canes
896 1652 1083 1699 ululare
1119 1668 1207 1714 per
1241 1651 1470 1700 umbram

162 1733 460 1779 adventante
496 1733 602 1779 dea.
682 1733 883 1793 ‘procul
919 1749 963 1791 o,
1002 1734 1175 1794 procul
1211 1741 1328 1792 este,
1368 1732 1587 1795 profani'

162 1813 441 1859 conclamat
476 1820 625 1870 vates,
662 1816 898 1874 ‘totoque
933 1811 1155 1861 absistite
1190 1814 1304 1861 luco
1322 1831 1336 1873 3

162 1903 315 1956 tuque
350 1893 529 1942 invade
565 1893 694 1942 viam
730 1894 1005 1957 vaginaque
1042 1894 1174 1957 eripe
1210 1897 1421 1944 ferrum:
1752 1904 1831 1945 260

160 1991 294 2022 nunc
329 1974 506 2023 animis
544 1991 684 2037 opus,
717 1977 902 2034 Aenea,
937 1992 1072 2023 nunc
1106 1985 1306 2038 pectore
1342 1977 1515 2024 firmo.'

161 2064 353 2103 tantum
390 2057 534 2103 effata
569 2057 735 2103 furens
771 2064 912 2103 antro
948 2072 1000 2103 se
1036 2054 1238 2103 immisit
1273 2065 1444 2118 aperto
1461 2074 1476 2116 3

160 2135 240 2184 ille
277 2137 457 2184 ducem
494 2137 629 2184 haud
666 2135 850 2184 timidis
886 2137 1150 2184 vadentem
1186 2135 1412 2199 passibus
1448 2146 1640 2200 aequat.

229 2216 307 2276 Di,
341 2217 521 2280 quibus
558 2217 820 2280 imperium
857 2226 931 2265 est
965 2216 1256 2277 animarum,
1288 2218 1593 2280 umbraeque
1630 2217 1828 2267 silentes

160 2307 207 2345 et
245 2299 411 2348 Chaos
448 2308 496 2347 et
533 2300 857 2363 Phlegethon,
894 2301 1005 2347 loca
1041 2308 1187 2347 nocte
1223 2298 1437 2347 tacentia
1471 2300 1582 2358 late,
1748 2307 1824 2359 265

158 2377 220 2424 sit
256 2378 378 2426 mihi
413 2381 485 2427 fas
520 2379 690 2428 audita
724 2380 875 2442 loqui,
912 2379 973 2428 sit
1008 2378 1213 2427 numine
1248 2388 1410 2427 vestro

159 2460 376 2519 pandere
412 2476 487 2508 res
523 2462 621 2507 alta
656 2469 782 2508 terra
817 2470 866 2508 et
902 2459 1110 2523 caligine
1147 2476 1344 2508 mersas.

228 2540 375 2588 Ibant
412 2540 609 2589 obscuri
646 2543 750 2589 sola
786 2542 878 2590 sub
916 2550 1063 2590 nocte
1098 2558 1186 2604 per
1221 2541 1448 2589 umbram

214 2669 405 2716 240—268
424 2667 589 2706 FMPR
738 2683 815 2718 241
839 2683 969 2720 super
986 2670 1156 2708 M¹P¹R
1170 2670 1340 2709 Ribbeck
1451 2683 1530 2718 242
1560 2682 1642 2708 om.
1663 2669 1752 2707 FM
1761 2669 1824 2720 (in

159 2722 285 2771 textu)
301 2721 462 2771 Pa¹cm‚
487 2723 634 2760 habent
645 2724 741 2772 R7b
760 2729 798 2761 et
812 2723 866 2761 M
880 2726 924 2762 in
946 2726 1135 2775 margine
1286 2725 1505 2763 Avernum
1521 2723 1616 2761 Rbrr
1744 2735 1823 2772 254

158 2787 287 2824 super
330 2777 526 2825 ‘antiqua
565 2775 739 2825 aliquot’
770 2777 917 2815 Pierii:
982 2791 1195 2828 superque
1237 2779 1368 2816 nostri
1410 2791 1551 2816 omnes
1569 2792 1578 2816 :
1637 2790 1824 2827 superne

161 2828 346 2880 Wagner
408 2830 639 2868 infundens
660 2829 714 2867 M
768 2831 907 2869 oleum
928 2845 1059 2882 super
1079 2833 1310 2871 infundens
1325 2835 1628 2883 proposuerunt
1639 2832 1819 2882 Kappes‚

156 2882 396 2934 Nettleship=
435 2884 753 2934 superfundens
773 2886 913 2924 oleum
934 2886 1209 2925 candentibus
1230 2887 1434 2938 Schaper:
1466 2887 1650 2925 fundens
1670 2886 1821 2924 arden-

157 2938 269 2976 tibus
293 2943 465 2977 testatur
479 2938 592 2978 Serv.
820 2951 899 2989 255
929 2940 1076 2979 limina
1095 2940 1187 2979 FM
1408 2942 1488 2990 265
1518 2940 1688 2980 silentia
1709 2938 1763 2977 M
1778 2940 1822 2978 in

158 2993 356 3043 margine,
381 2993 494 3032 Serv.
635 2996 714 3043 267
746 2994 850 3033 altas
871 2993 939 3031 Ml
