2020 3372
460 745 529 811 P.
593 744 993 809 VERGILI
1062 741 1514 807 MARONIS

628 909 1342 985 GEORGICON

830 1115 1047 1161 LIBER
1085 1114 1138 1160 II

219 1245 515 1291 HACTEst
550 1260 777 1291 arvorum
813 1244 974 1291 cultus
1016 1251 1064 1290 et
1100 1241 1261 1289 sidera
1296 1239 1452 1299 caeli3

152 1340 285 1371 nunc
320 1333 382 1382 te,
423 1325 632 1382 Bacche,
669 1340 858 1382 canam,
898 1339 991 1370 nec
1027 1339 1130 1370 non
1167 1320 1404 1369 silvestria
1438 1329 1604 1368 tecum

150 1404 355 1467 virgulta
391 1414 439 1452 et
474 1406 664 1467 prolem
701 1405 838 1452 tarde
875 1402 1137 1452 crescentis
1175 1401 1344 1450 olivae.

151 1487 262 1544 huc,
301 1494 438 1547 pater
474 1502 504 1533 o
542 1487 738 1533 Lenaee
777 1484 893 1549 (tuis
929 1484 1010 1532 hic
1047 1483 1215 1532 omnia
1250 1484 1394 1545 plena

151 1565 451 1634 muneribus,
491 1564 581 1613 tibi
616 1565 884 1628 pampineo
920 1564 1147 1627 gravidus
1183 1573 1424 1612 autumno
1797 1580 1820 1620 5

151 1649 291 1695 floret
325 1663 451 1709 ager,
490 1656 687 1709 spumat
721 1646 880 1710 plenis
915 1645 1165 1695 vindemia
1200 1643 1382 1708 labris),

151 1730 263 1787 huc,
301 1737 439 1791 pater
475 1745 505 1776 o
544 1730 753 1787 Lenaee,
792 1727 919 1787 veni,
958 1728 1244 1789 nudataque
1280 1733 1444 1773 musto

151 1809 284 1872 tinge
320 1826 451 1857 novo
489 1825 685 1857 mecum
723 1807 937 1872 dereptis
975 1824 1113 1856 crura
1148 1805 1378 1855 coturnis.

220 1890 467 1952 Principio
503 1889 760 1938 arboribus
796 1888 927 1936 varia
963 1898 1036 1937 est
1072 1897 1244 1935 natura
1279 1884 1517 1934 creandis.

152 1989 368 2035 namque
403 1972 526 2020 aliae
563 1971 709 2019 nullis
746 1970 1007 2019 hominum
1045 1969 1334 2033 cogentibus
1371 1968 1507 2031 ipsae
1771 1985 1822 2014 10

153 2064 328 2118 sponte
365 2071 453 2102 sua
488 2053 692 2102 veniunt
729 2068 1032 2114 camposque
1068 2060 1117 2099 et
1151 2050 1356 2098 fiumina
1390 2051 1487 2097 late

152 2153 300 2184 curva
335 2145 518 2194 tenent,
558 2144 612 2182 ut
650 2135 799 2181 molle
837 2132 948 2180 siler
983 2134 1245 2193 lentaeque
1281 2129 1514 2193 genistae,

152 2219 364 2280 populus
401 2226 449 2265 et
484 2218 657 2279 glauca
693 2213 922 2263 canentia
957 2214 1131 2261 fronde
1167 2211 1370 2272 salicta3

152 2314 263 2360 pars
299 2307 464 2346 autem
501 2297 665 2360 posito
702 2304 905 2358 surgunt
942 2295 1006 2342 de
1042 2293 1244 2352 semine,
1283 2301 1337 2340 ut
1371 2294 1499 2340 altae

154 2387 424 2437 castaneae,
465 2395 826 2440 nemorumque
867 2375 975 2424 Iovi
1012 2390 1139 2437 quae
1176 2372 1389 2420 maxima
1423 2373 1619 2420 frondet
1773 2392 1820 2431 15

153 2461 391 2518 aesculus,
428 2468 577 2522 atque
612 2459 810 2508 habitae
848 2457 989 2507 Grais
1026 2456 1224 2503 oracula
1259 2469 1480 2516 quercus.

154 2542 360 2603 pullulat
395 2540 459 2588 ab
495 2540 658 2589 radice
693 2540 798 2588 aliis
837 2537 1131 2588 densissima
1167 2535 1300 2593 silva,

154 2631 208 2669 ut
244 2621 420 2669 cerasis
457 2621 734 2684 ulmisque:
784 2621 932 2669 etiam
971 2617 1202 2667 Parnasia
1237 2618 1400 2663 laurus

154 2719 302 2765 parva
337 2702 430 2749 sub
465 2701 651 2764 ingenti
687 2701 853 2749 matris
891 2718 942 2749 se
979 2699 1158 2748 subicit
1195 2698 1384 2745 umbra.

155 2784 246 2830 hos
283 2792 455 2831 natura
490 2784 668 2830 modos
704 2782 918 2845 primum
954 2780 1107 2839 dedit,
1145 2780 1221 2827 his
1258 2793 1412 2840 genus
1450 2792 1599 2824 omne
1772 2795 1823 2822 20

156 2863 385 2912 silvarum
421 2863 751 2926 fruticumque
785 2862 908 2911 viret
943 2876 1303 2922 nemorumque
1340 2873 1619 2906 sacrorum:

215 3003 314 3029 1-21
339 2991 392 3029 M
563 2991 589 3028 8
619 2989 808 3040 dereptis
829 2988 1105 3028 Menteliarius
1122 2988 1300 3039 primus,
1325 2986 1446 3025 schol.
1462 2984 1585 3023 Bern.
1607 2998 1615 3022 :
1647 2983 1823 3033 direptis

156 3045 309 3094 Myabc
460 3057 510 3095 19
538 3044 693 3094 subigit
714 3043 765 3082 M

211 3126 342 3152 VERG.
1690 3109 1714 3147 4
