2020 3372
181 138 232 183 P.
272 135 572 183 VERGILI
612 133 938 182 MARONIS

184 2479 242 2517 M.

184 2641 238 2679 D.

185 2802 243 2842 M.

282 276 501 324 necdum
537 273 631 322 illis
669 273 806 321 labra
841 270 1056 330 admovi,
1096 273 1186 321 sed
1222 270 1425 321 condita
1461 287 1614 321 servo.

285 359 349 404 Et
386 354 531 404 nobis
568 354 703 403 idem
740 352 1043 401 Alcimedon
1080 354 1182 401 duo
1219 354 1401 415 pocula
1435 351 1565 410 fecit,

283 447 331 486 et
367 436 505 485 molli
542 435 727 484 circum
765 443 838 482 est
874 450 1019 482 ansas
1056 434 1312 496 amplexus
1350 434 1579 491 acantho,
1802 451 1855 492 45

284 519 586 581 Orpheaque
621 515 672 564 in
710 514 878 564 medio
914 513 1080 577 posuit
1117 514 1361 576 silvasque
1398 512 1663 576 sequentis.

286 600 504 648 necdum
540 597 634 645 illis
671 597 808 645 labra
843 594 1058 654 admovi,
1098 596 1186 643 sed
1223 594 1425 643 condita
1450 611 1615 663 servo.

284 680 323 729 si
358 681 423 728 ad
459 678 663 727 vitulam
701 687 908 741 spectas,
948 676 1071 724 nihil
1108 686 1182 725 est
1219 669 1356 738 quod
1393 678 1572 739 pocula
1608 676 1794 723 laudes.

285 764 575 824 Numquam
600 759 752 808 hodie
778 758 980 822 effugies
991 776 1005 818 3
1031 756 1228 806 veniam
1254 773 1573 820 quocumque
1596 755 1799 804 vocaris.

282 843 453 892 audiat
485 844 609 890 haec
642 842 984 889 tantum—vel
1020 839 1105 902 qui
1135 838 1268 887 venit
1298 855 1415 887 ecce
1447 840 1729 886 Palaemon.
1805 858 1859 897 50

285 923 495 972 efficiam
529 923 738 986 posthac
774 939 839 970 ne
875 937 1181 984 quemquam
1217 936 1340 968 voce
1376 921 1600 968 lacessas.

288 1005 424 1066 Quin
460 1021 562 1067 age,
601 1004 642 1052 si
679 1002 799 1066 quid
836 1003 991 1051 habes
1009 1021 1022 1063 3
1065 1001 1117 1050 in
1154 1019 1234 1050 me
1271 1018 1408 1050 mora
1444 1017 1547 1049 non
1584 999 1673 1048 erit
1708 1001 1820 1059 ulla,

284 1104 376 1136 nec
413 1102 717 1149 quemquam
754 1084 917 1148 fugio:
962 1092 1168 1142 tantum,
1205 1081 1365 1130 vicine
1402 1083 1685 1140 Palaemon,

284 1168 510 1218 sensibus
547 1170 671 1216 haec
707 1166 818 1214 imis
857 1165 953 1231 (res
990 1175 1065 1214 est
1100 1182 1202 1213 non
1239 1162 1407 1228 parva)
1445 1180 1667 1226 reponas.

289 1250 465 1309 Dicite,
507 1248 919 1312 quandoquidem
955 1247 1007 1295 in
1045 1246 1182 1295 molli
1219 1244 1537 1294 consedimus
1574 1244 1740 1293 herba.
1806 1263 1857 1303 55

285 1340 334 1379 et
369 1347 504 1379 nunc
540 1328 702 1378 omnis
738 1346 864 1392 ager,
904 1345 1039 1376 nunc
1076 1326 1237 1376 omnis
1274 1325 1479 1390 parturit
1513 1325 1672 1384 arbos,

285 1429 418 1460 nunc
455 1412 688 1459 frondent
725 1410 887 1469 silvae,
928 1426 1062 1457 nunc
1098 1407 1482 1456 formosissimus
1517 1423 1690 1454 annus.

285 1494 461 1558 incipe,
501 1497 749 1542 Damoeta
767 1511 780 1553 3
822 1502 876 1541 tu
912 1492 1097 1541 deinde
1133 1508 1352 1554 sequere,
1391 1492 1635 1539 Menalca.

284 1575 483 1624 alternis
519 1574 693 1624 dicetis
711 1594 725 1636 3
766 1583 935 1623 amant
970 1576 1159 1623 alterna
1195 1575 1461 1623 Camenae.

352 1657 433 1705 Ab
466 1658 586 1705 Iove
619 1655 917 1719 principium
950 1672 1150 1703 musae:
1191 1653 1322 1702 Iovis
1359 1653 1528 1702 omnia
1559 1654 1707 1716 plena
1724 1671 1738 1713 3
1808 1662 1861 1701 60

286 1737 367 1786 ille
404 1737 521 1786 colit
558 1746 721 1796 terras,
761 1736 831 1787 illi
867 1753 978 1785 mea
1015 1735 1233 1784 carmina
1269 1752 1428 1783 curae.

288 1822 352 1867 Et
377 1837 457 1868 me
483 1820 718 1868 Phoebus
743 1827 877 1867 amat
887 1836 900 1878 3
938 1818 1147 1867 Phoebo
1173 1834 1262 1866 sua
1287 1833 1481 1880 semper
1505 1817 1640 1879 apud
1666 1833 1747 1864 me

288 1917 491 1949 munera
528 1909 656 1959 sunt,
689 1898 812 1947 lauri
848 1908 896 1947 et
933 1915 1082 1946 suave
1118 1898 1301 1946 rubens
1338 1896 1647 1960 hyacinthus.

288 1983 426 2029 Malo
464 1998 544 2029 me
582 1982 789 2029 Galatea
825 1979 959 2043 petit,
1001 1978 1181 2027 lasciva
1216 1980 1393 2042 puella,

286 2071 335 2110 et
369 2061 492 2125 fugit
527 2063 592 2110 ad
629 2060 801 2109 salices
838 2069 887 2109 et
923 2077 976 2108 se
1012 2059 1149 2123 cupit
1183 2069 1299 2107 ante
1334 2058 1502 2108 videri.
1807 2065 1858 2116 65

286 2146 353 2191 At
390 2142 511 2190 mihi
548 2159 655 2191 sese
692 2144 832 2191 offert
869 2143 1011 2200 ultro,
1049 2158 1188 2189 meus
1225 2140 1362 2204 ignis,
1398 2143 1652 2202 Amyntas,

286 2224 449 2273 notior
484 2234 539 2272 ut
575 2224 674 2272 iam
711 2223 773 2271 sit
809 2222 1016 2272 canibus
1054 2240 1157 2271 non
1196 2222 1341 2271 Delia
1377 2221 1568 2270 nostris.

287 2310 431 2355 Parta
467 2323 607 2355 meae
631 2305 815 2354 Veneri
851 2314 966 2353 sunt
1002 2321 1235 2353 munera:
1273 2320 1490 2367 namque
1526 2302 1695 2351 notavi

285 2389 391 2452 ipse
427 2391 607 2447 locum,
647 2387 807 2436 aeriae
844 2404 945 2450 quo
982 2403 1273 2450 congessere
1309 2385 1582 2448 palumbes.

286 2471 439 2532 Quod
475 2469 627 2533 potui,
668 2486 822 2533 puero
860 2467 1066 2517 silvestri
1102 2485 1161 2516 ex
1196 2467 1370 2515 arbore
1406 2468 1534 2514 lecta
1789 2461 1861 2524 ¹70

285 2568 432 2600 aurea
468 2553 598 2599 mala
634 2552 810 2600 decem
848 2550 992 2610 misi3
1028 2566 1134 2598 cras
1170 2551 1322 2597 altera
1357 2548 1563 2596 mittam.

286 2635 332 2683 O
369 2632 598 2696 quotiens
636 2642 684 2681 et
721 2649 849 2695 quae
885 2631 1031 2681 nobis
1070 2633 1276 2680 Galatea
1311 2631 1478 2678 locuta
1513 2631 1617 2677 est!

286 2722 475 2776 partem
511 2713 742 2776 aliquam,
772 2711 918 2771 venti,
958 2711 1129 2760 divum
1166 2710 1382 2759 referatis
1418 2711 1483 2758 ad
1519 2708 1679 2757 auris!

288 2794 425 2856 Quid
451 2796 653 2858 prodest
679 2795 816 2856 quod
843 2810 923 2841 me
948 2792 1054 2856 ipse
1078 2791 1247 2840 animo
1272 2808 1375 2840 non
1401 2789 1604 2853 spernis,
1625 2792 1855 2850 Amynta,

239 2937 373 2974 43-52
395 2924 544 2974 PRV3
575 2935 707 2973 53—71
732 2923 838 2971 PR3
873 2936 1004 2972 72—74
1026 2922 1068 2960 R
1316 2922 1371 2960 60
1400 2918 1670 2970 principium,
1709 2917 1859 2955 Musae

185 2980 259 3018 alii
