2014 3372
1315 168 1679 217 AENEIDOS
1716 168 1822 216 VII

155 331 187 365 o
221 314 426 379 genitor,
464 330 558 364 nec
593 323 643 363 te
678 312 876 361 miseret
911 321 1156 375 nataeque
1191 309 1403 373 tuique?
1746 316 1826 367 360

154 413 249 446 nec
284 395 451 445 matris
486 394 697 455 miseret,
736 410 887 457 quam
923 392 1084 457 primo
1119 391 1354 455 aquilone
1390 390 1635 454 relinquet

154 479 371 540 perfidus
405 478 505 525 alta
539 485 713 539 petens
748 475 967 523 abducta
1001 473 1187 536 virgine
1223 474 1446 536 praedo?

141 541 204 607 =at
238 575 340 606 non
377 557 447 606 sic
484 557 722 620 Phrygius
758 565 982 620 penetrat
1019 556 1401 604 Lacedaemona
1435 563 1617 617 pastor,

153 640 506 701 Ledaeamque
544 640 796 686 Helenam
831 636 1072 685 Troianas
1108 636 1238 685 vexit
1273 637 1339 685 ad
1374 636 1562 684 urbes?

153 719 275 782 quid
312 729 396 767 tua
431 729 600 768 sancta
635 721 797 768 fides?
843 718 965 782 quid
1002 735 1118 767 cura
1152 718 1357 780 antiqua
1392 727 1590 766 tuorum
1745 725 1825 778 365

153 809 203 848 et
238 800 609 862 consanguineo
644 799 826 848 totiens
863 801 979 848 data
1015 801 1216 848 dextera
1250 801 1459 847 Turno?

153 872 195 929 si
229 898 379 943 gener
414 891 614 930 externa
649 880 830 944 petitur
865 882 930 930 de
965 890 1112 944 gente
1148 880 1353 939 Latinis,

152 962 305 1025 idque
340 965 493 1022 sedet,
534 962 791 1025 Faunique
826 972 1058 1025 premunt
1093 971 1144 1011 te
1180 962 1312 1011 iussa
1346 960 1580 1024 parentis,

152 1062 355 1094 omnem
392 1045 626 1108 equidem
662 1045 865 1108 sceptris
902 1054 1080 1093 terram
1117 1061 1244 1108 quae
1280 1044 1434 1092 libera
1471 1043 1650 1094 nostris

152 1125 360 1174 dissidet
393 1136 644 1175 externam
679 1143 789 1175 reor
825 1135 874 1174 et
910 1126 980 1174 sic
1017 1126 1182 1175 dicere
1217 1125 1373 1174 divos.
1745 1143 1828 1185 370

152 1216 203 1255 et
237 1210 424 1267 Turno,
463 1207 504 1255 si
539 1207 697 1270 prima
732 1209 912 1256 domus
948 1216 1196 1269 repetatur
1231 1206 1383 1269 origo,

154 1289 372 1336 Inachus
408 1288 727 1351 Acrisiusque
762 1297 924 1350 patres
961 1287 1256 1350 mediaeque
1294 1289 1571 1349 Mycenae.'

222 1369 320 1417 His
355 1369 442 1417 ubi
477 1369 780 1431 nequiquam
817 1369 961 1417 dictis
999 1378 1198 1431 experta
1233 1367 1467 1416 Latinum

152 1461 325 1501 contra
359 1461 487 1500 stare
521 1451 669 1511 videt,
705 1451 1004 1514 penitusque
1040 1450 1091 1499 in
1126 1451 1314 1499 viscera
1348 1452 1543 1513 lapsum

154 1533 392 1595 serpentis
428 1533 599 1581 furiale
636 1534 822 1581 malum
858 1541 1116 1595 totamque
1152 1541 1379 1595 pererrat,
1744 1550 1824 1594 375

153 1623 259 1662 tum
294 1631 411 1663 vero
446 1614 614 1663 infelix
648 1613 932 1677 ingentibus
969 1613 1127 1662 excita
1162 1612 1395 1661 monstris

152 1695 447 1744 immensam
484 1695 590 1744 sine
626 1712 764 1744 more
799 1694 913 1743 furit
949 1696 1203 1757 lymphata
1238 1711 1325 1758 per
1360 1695 1550 1743 urbem.

153 1794 245 1826 ceu
281 1779 536 1840 quondam
573 1786 703 1826 torto
739 1776 948 1825 volitans
985 1777 1078 1825 sub
1114 1777 1315 1825 verbere
1351 1777 1511 1836 turbo,

153 1876 303 1922 quern
339 1859 478 1922 pueri
514 1876 694 1922 magno
730 1858 782 1906 in
817 1875 935 1921 gyro
971 1874 1130 1907 vacua
1164 1858 1285 1906 atria
1321 1857 1506 1906 circum

152 1940 328 1989 intenti
363 1943 483 1990 ludo
520 1940 899 1990 exercent—ille
934 1950 1073 1989 actus
1109 1941 1307 1989 habena
1744 1949 1825 1999 380

153 2022 363 2071 curvatis
399 2024 549 2070 fertur
583 2021 751 2084 spatiis
770 2041 783 2082 ,-
831 2030 996 2083 stupet
1032 2020 1187 2069 inscia
1222 2037 1368 2083 supra

153 2103 482 2165 impubesque
518 2120 694 2150 manus
730 2101 904 2150 mirata
939 2101 1157 2150 volubile
1194 2102 1381 2149 buxum
1400 2120 1413 2161 3

153 2185 274 2232 dant
309 2183 502 2232 animos
537 2186 884 2246 plagae-non
922 2200 1066 2232 cursu
1103 2182 1298 2246 segnior
1333 2182 1418 2232 illo

153 2281 241 2327 per
275 2264 463 2313 medias
499 2265 646 2313 urbes
681 2265 839 2328 agitur
875 2267 1190 2328 populosque
1226 2264 1414 2313 ferocis.

154 2345 275 2408 quin
311 2346 459 2394 etiam
495 2346 546 2394 in
583 2347 727 2396 silvas
765 2347 995 2396 simulato
1033 2346 1239 2395 numine
1276 2345 1461 2394 Bacchi
1743 2354 1822 2405 385

155 2427 312 2476 maius
347 2430 520 2477 adorta
555 2431 692 2478 nefas
729 2429 1068 2492 maioremque
1105 2446 1215 2478 orsa
1249 2431 1463 2477 furorem

154 2510 316 2556 evolat
352 2518 400 2557 et
436 2518 602 2558 natam
638 2511 885 2560 frondosis
923 2510 1177 2560 montibus
1213 2510 1364 2569 abdit,

154 2605 256 2651 quo
292 2591 565 2639 thalamum
601 2592 772 2654 eripiat
808 2592 1012 2641 Teucris
1050 2594 1320 2655 taedasque
1357 2601 1587 2650 moretur,

154 2671 316 2717 euhoe
354 2672 550 2719 Bacche
586 2674 812 2732 fremens,
852 2675 1013 2721 solum
1050 2682 1098 2722 te
1133 2673 1319 2735 virgine
1356 2672 1561 2734 dignum

154 2749 457 2799 vociferans:
506 2752 689 2800 etenim
726 2753 887 2802 mollis
924 2753 1013 2803 tibi
1050 2771 1243 2802 sumere
1280 2755 1486 2815 thyrsos,
1742 2773 1823 2813 390

211 2883 404 2931 360-390
423 2881 515 2920 MR
626 2884 703 2931 361
727 2884 907 2923 miserae
927 2884 1047 2922 codex
1064 2884 1245 2934 Venetus,
1263 2882 1430 2933 Bentley
1552 2884 1634 2932 363
1663 2895 1717 2921 an
1739 2895 1823 2920 non

157 2934 244 2972 ΜΙ)ι
263 2935 493 2986 Diomedes,
519 2938 702 2987 agnoscit
720 2937 850 2986 Seru,
860 2939 1009 2988 probat
1026 2937 1196 2977 Ribbeck
1361 2950 1442 2987 370
1462 2936 1625 2987 dicere]
1649 2949 1824 2986 poscere

157 2987 315 3039 M172a²
448 3004 525 3040 377
557 2992 806 3030 immensum
826 2992 978 3042 Heyne,
997 2993 1146 3043 probat
1165 2991 1339 3031 Ribbeck
1450 2993 1529 3041 385
1560 2991 1675 3030 silvis
1696 2989 1797 3029 M¹c¹
