2014 3372
1379 143 1740 193 AENEIDOS
1782 143 1808 191 I

140 289 246 329 tum
282 282 492 330 celerare
528 282 694 343 fugam
730 280 988 344 patriaque
1025 283 1262 331 excedere
1298 283 1474 331 suadet

139 361 474 425 auxiliumque
509 361 618 410 viae
652 372 842 412 veteres
879 366 1051 413 tellure
1087 363 1296 413 recludit

138 446 408 503 thesauros,
447 443 671 508 ignotum
707 444 895 507 argenti
930 446 1130 506 pondus
1167 454 1216 493 et
1250 444 1366 493 auri.

139 524 214 573 his
251 534 502 573 commota
538 526 704 588 fugam
743 524 879 573 Dido
917 524 1181 587 sociosque
1215 526 1432 587 parabat.

139 605 441 654 conveniunt
477 604 657 668 quibus
693 614 777 652 aut
814 604 987 653 odium
1023 607 1224 654 crudele
1260 605 1453 668 tyranni

137 695 222 734 aut
258 695 418 734 metus
454 703 566 734 acer
601 695 703 734 erat
719 704 734 746 3
782 685 931 745 navis,
973 702 1101 748 quae
1138 688 1262 735 forte
1299 696 1511 749 paratae,

138 766 406 830 corripiunt
430 765 748 830 'onerantque
783 784 916 815 auro.
991 776 1247 830 portantur
1281 768 1414 816 avari

125 847 470 910 Pygmalionis
508 864 628 910 opes
665 848 876 910 pelag03
923 849 1025 896 dux
1059 847 1244 896 femina
1279 848 1408 896 facti.

138 929 381 976 devenere
418 929 555 976 locos
591 927 679 976 ubi
716 945 851 976 nunc
888 927 1106 991 ingentia
1141 946 1312 977 cernes

138 1008 335 1057 moenia
371 1018 752 1072 surgentemque
791 1025 950 1058 novae
989 1009 1307 1073 Karthaginis
1342 1027 1522 1070 arcem,

138 1089 439 1152 mercatique
476 1091 652 1148 solum,
691 1089 808 1137 facti
843 1091 907 1138 de
944 1089 1147 1138 nomine
1181 1093 1400 1153 Byrsam,

137 1170 330 1218 taurino
367 1179 609 1233 quantum
646 1179 850 1234 possent
886 1170 1191 1220 circumdare
1227 1181 1377 1236 tergo.

137 1253 226 1300 sed
263 1268 350 1300 vos
388 1251 474 1314 qui
510 1252 754 1300 tandem?
824 1251 1004 1314 quibus
1039 1261 1125 1299 aut
1163 1252 1364 1300 venistis
1400 1253 1465 1301 ab
1500 1252 1635 1301 oris?

138 1347 300 1394 quove
337 1331 514 1379 tenetis
552 1331 717 1379 iter?''
784 1331 1038 1394 quaerenti
1075 1331 1255 1381 talibus
1292 1332 1373 1382 ille

137 1412 385 1476 suspirans
422 1412 624 1476 imoque
661 1414 858 1461 trahens
894 1430 924 1461 a
959 1422 1160 1476 pectore
1197 1431 1404 1463 vocem:

209 1493 281 1542 ‘O
318 1494 425 1552 dea,
465 1492 506 1541 si
542 1493 699 1556 prima
735 1502 962 1556 repetens
998 1494 1063 1542 ab
1099 1493 1286 1558 origine
1321 1512 1523 1559 pergam

137 1583 186 1623 et
221 1584 361 1623 vacet
396 1574 587 1623 annalis
625 1584 905 1624 nostrorum
941 1575 1112 1625 audire
1149 1577 1391 1637 laborum,

135 1665 251 1704 ante
286 1655 421 1705 diem
459 1659 627 1705 clauso
664 1665 935 1719 componet
972 1659 1162 1720 Vesper
1199 1659 1431 1722 Olympo.

138 1753 228 1786 nos
265 1737 415 1786 Troia
449 1738 666 1801 antiqua,
706 1738 747 1786 si
781 1747 965 1787 vestras
1002 1740 1126 1788 forte
1162 1756 1249 1802 per
1284 1740 1413 1789 auris

138 1818 316 1867 Troiae
352 1834 538 1868 nomen
575 1819 642 1879 iit,
682 1819 874 1868 diversa
909 1837 996 1883 per
1031 1837 1248 1883 aequora
1283 1831 1452 1871 vectos

137 1901 261 1948 forte
297 1917 385 1949 sua
421 1900 619 1963 Libycis
656 1910 924 1964 tempestas
959 1902 1150 1965 appulit
1185 1902 1295 1952 oris,

138 1998 247 2029 sum
284 1981 393 2044 pius
430 1984 639 2041 Aeneas,
679 1990 845 2044 raptos
881 1981 967 2045 qui
1004 1999 1064 2030 ex
1099 1984 1242 2031 hoste
1278 1984 1471 2046 penatis

137 2064 292 2110 classe
327 2064 455 2111 veho
494 2080 705 2122 mecum,
746 2065 877 2111 fama
913 2080 1060 2125 super
1095 2065 1294 2112 aethera
1331 2074 1492 2114 notus.

139 2141 333 2190 Italiam
370 2159 553 2204 quaero
591 2142 799 2205 patriam
837 2152 886 2191 et
920 2160 1076 2206 genus
1112 2144 1176 2191 ab
1217 2146 1336 2193 Iove
1374 2162 1584 2195 summo.

137 2223 212 2272 bis
248 2223 390 2273 denis
428 2225 694 2288 Phrygium
732 2225 1005 2274 conscendi
1042 2225 1249 2274 navibus
1285 2243 1484 2290 aequor,

138 2315 291 2354 matre
328 2308 422 2355 dea
459 2316 762 2356 monstrante
799 2307 929 2356 viam
966 2309 1082 2357 data
1117 2310 1216 2356 fata
1251 2318 1448 2357 secutus
1465 2327 1479 2369 3

137 2387 216 2434 vix
251 2397 441 2450 septem
478 2391 743 2437 convulsae
781 2389 927 2437 undis
968 2391 1202 2451 Euroque
1238 2398 1513 2452 supersunt.

137 2467 243 2530 ipse
278 2468 488 2532 ignotus,
528 2487 692 2534 egens,
733 2472 918 2534 Libyae
956 2474 1150 2521 deserta
1186 2487 1402 2536 peragro,

140 2551 340 2612 Europa
374 2560 523 2614 atque
560 2551 679 2600 Asia
715 2555 916 2615 pulsus.'
989 2570 1083 2602 nec
1121 2554 1261 2615 plura
1298 2561 1587 2615 querentem

138 2645 281 2691 passa
318 2633 488 2679 Venus
526 2632 693 2681 medio
729 2633 799 2682 sic
835 2633 1061 2682 interfata
1096 2635 1268 2683 dolore
1304 2642 1409 2681 est:

209 2710 478 2773 ‘Quisquis
515 2730 582 2772 es,
620 2715 766 2773 haud,
809 2717 971 2774 credo,
1012 2714 1195 2763 invisus
1233 2714 1526 2763 caelestibus
1562 2732 1703 2764 auras

1730 939 1806 990 365

1731 1352 1810 1395 370

1728 1760 1805 1803 375

1730 2157 1808 2206 380

1727 2564 1804 2615 385

193 2840 384 2887 357-380
405 2838 560 2887 MPR;
592 2841 781 2890 381-387
807 2840 975 2879 GMPR
1152 2844 1232 2892 365
1262 2844 1399 2882 cernis
1414 2844 1496 2882 Mcl
1607 2846 1699 2893 367,
1724 2845 1805 2892 368

140 2891 350 2930 damnant
376 2892 616 2943 Peerlkamp
646 2895 738 2932 aliiv
850 2898 932 2944 369
962 2902 1034 2935 aut
1055 2898 1235 2936 venistis
1265 2897 1508 2948 M²P7b2c22
1541 2899 1806 2937 auduenistis

141 2944 234 2983 M¹:
277 2948 509 2986 auuenistis
540 2946 601 2985 cl:
642 2948 871 2987 advenistis
898 2949 987 2988 Rm
1116 2964 1196 3000 374
1226 2958 1452 3003 componat
1482 2951 1586 2990 P1R
1722 2954 1806 3001 380

141 2997 202 3049 et]
222 2998 363 3038 delevit
379 3001 606 3040 Burmann
624 3016 632 3039 ε
664 3008 730 3041 est
749 3003 923 3041 Kvic'ala
