2014 3372
1382 165 1741 215 AENEIDOS
1777 166 1824 212 V

161 311 480 373 hortaturque
514 307 643 358 viros
679 309 973 371 clavumque
1008 309 1073 357 ad
1109 307 1250 357 litora
1286 316 1493 371 torquet.

160 400 210 440 at
244 391 400 455 gravis
437 400 491 440 ut
526 391 682 439 fundo
718 390 797 438 vix
833 391 1036 439 tandem
1073 389 1294 438 redditus
1330 389 1432 438 imo
1468 398 1541 437 est

160 471 258 520 iam
294 472 457 521 senior
492 471 791 534 madidaque
827 473 986 520 fluens
1023 471 1073 519 in
1109 480 1244 519 veste
1284 473 1544 519 Menoetes

160 571 354 603 summa
389 554 511 618 petit
547 554 738 617 scopuli
774 553 1003 616 siccaque
1039 553 1090 601 in
1127 570 1247 616 rupe
1282 552 1475 602 resedit.
1748 560 1826 599 180

160 635 298 684 illurn
335 645 383 684 et
419 636 668 684 labentem
704 634 886 684 Teucri
921 644 970 684 et
1005 635 1152 684 risere
1189 643 1442 683 natantem

160 726 209 766 et
245 720 398 766 salsos
435 717 611 766 rident
630 721 994 789 revomentem
1005 726 1204 782 pectore
1240 719 1430 765 fluctus.

231 797 332 845 Hic
368 783 495 846 laeta
531 792 766 845 extremis
796 812 907 861 spes
944 800 1027 846 est
1053 798 1262 846 accensa
1297 798 1508 856 duobuS‚

160 880 385 941 Sergesto
425 878 791 941 Mnestheique,
825 880 967 941 Gyan
1005 896 1232 941 superare
1269 887 1557 927 morantem.

160 962 412 1022 Sergestus
449 959 580 1022 capit
615 969 730 1008 ante
766 963 933 1009 locum
970 963 1276 1023 scopuloque
1311 960 1621 1022 propinquat,
1746 967 1821 1017 185

161 1057 254 1089 nec
289 1049 393 1089 tota
429 1049 595 1089 tamen
632 1041 712 1090 ille
748 1041 880 1104 prior
915 1050 1183 1105 praeeunte
1220 1041 1414 1099 carina3

159 1130 296 1185 parte
331 1121 475 1184 prior,
514 1121 689 1185 partim
728 1132 885 1171 rostro
921 1122 1100 1185 premit
1136 1124 1331 1171 aemula
1367 1120 1548 1168 Pristis.

159 1211 209 1250 at
246 1202 410 1250 media
446 1202 606 1251 socios
642 1203 879 1252 incedens
917 1220 1041 1251 nave
1076 1219 1163 1265 per
1198 1203 1332 1265 ipsos

160 1283 381 1329 hortatur
416 1283 738 1330 Mnestheus:
784 1286 958 1341 ‘nunc,
995 1298 1129 1330 nunc
1165 1280 1398 1343 insurgite
1434 1279 1595 1339 remis,

164 1362 402 1410 Hectorei
439 1362 573 1422 socii,
606 1362 785 1411 Troiae
821 1379 947 1425 quos
985 1371 1115 1411 sorte
1152 1378 1381 1424 suprema
1748 1380 1827 1421 190

160 1443 321 1507 delegi
357 1444 593 1505 comites3
642 1461 776 1492 nunc
811 1444 917 1492 illas
954 1443 1166 1507 promite
1201 1443 1327 1502 viris,

161 1541 294 1578 nunc
329 1524 534 1584 animos,
569 1524 749 1588 quibus
785 1524 836 1572 in
874 1524 1096 1574 Gaetulis
1134 1524 1354 1586 Syrtibus
1391 1523 1466 1572 usi

162 1605 407 1668 Ionioque
443 1605 564 1654 mari
602 1607 896 1668 Maleaeque
933 1605 1227 1668 sequacibus
1268 1604 1427 1653 undis.

160 1702 262 1734 non
298 1686 395 1734 iam
433 1686 590 1750 prima
625 1696 742 1749 peto
781 1689 1075 1735 Mnestheus
1112 1703 1275 1749 neque
1310 1686 1505 1734 vincere
1542 1695 1677 1734 certo

162 1766 485 1830 (quamquam
506 1770 715 1817 ol-—sed
735 1777 967 1831 superent
987 1768 1167 1830 quibus
1187 1769 1298 1827 hoc,
1327 1770 1577 1830 Neptune,
1606 1766 1823 1830 dedisti),

160 1857 404 1897 extremos
440 1850 625 1911 pudeat
661 1849 891 1898 rediisse:
940 1851 1037 1898 hoc
1072 1848 1266 1908 vincite,
1306 1848 1451 1908 cives,
1748 1856 1826 1909 196

160 1938 208 1977 et
244 1929 502 1991 prohibete
538 1933 705 1979 nefas.'
775 1931 860 1979 olli
896 1930 1163 1979 certamine
1200 1946 1396 1979 summo

160 2012 522 2072 procumbunt:
565 2011 713 2060 vastis
750 2012 914 2060 tremit
950 2011 1128 2060 ictibus
1164 2028 1306 2060 aerea
1341 2011 1521 2074 puppis

160 2091 558 2154 subtrahiturque
594 2094 769 2151 solum,
806 2101 910 2139 tum
948 2092 1117 2140 creber
1151 2091 1396 2139 anhelitus
1432 2100 1563 2139 artus

158 2172 394 2235 aridaque
431 2189 516 2221 ora
552 2173 721 2235 quatit,
756 2174 907 2221 sudor
941 2172 1048 2221 fluit
1084 2172 1305 2235 undique
1342 2171 1465 2219 rivis.
1747 2192 1825 2220 200

159 2252 321 2301 attulit
358 2253 462 2315 ipse
498 2253 611 2301 viris
648 2262 873 2316 optatum
910 2269 1052 2301 casus
1088 2255 1342 2301 honorem.

160 2324 375 2398 namque
411 2337 576 2384 furens
613 2335 766 2384 animi
804 2337 924 2383 dum
961 2351 1156 2397 proram
1192 2335 1257 2382 ad
1293 2350 1407 2382 saxa
1443 2333 1676 2397 suburget

159 2415 360 2465 interior
397 2417 654 2480 spatioque
693 2416 824 2466 subit
862 2418 1114 2479 Sergestus
1151 2415 1336 2478 iniquo,

160 2496 327 2546 infelix
363 2498 487 2546 saxis
523 2497 573 2546 in
611 2497 1008 2562 procurrentibus
1044 2496 1214 2545 haesit.

160 2594 430 2628 concussae
467 2588 633 2628 cautes
671 2589 719 2628 et
755 2589 901 2628 acuto
938 2578 988 2626 in
1025 2578 1209 2627 murice
1244 2577 1366 2627 remi
1744 2597 1828 2642 205¹

161 2659 329 2707 obnixi
364 2677 596 2722 crepuere
632 2660 873 2722 inlisaque
909 2676 1053 2723 prora
1090 2658 1339 2722 pependit.

160 2749 461 2802 consurgunt
496 2750 673 2790 nautae
710 2751 758 2790 et
795 2757 975 2803 magno
1013 2742 1226 2789 clamore
1263 2748 1514 2788 morantur

159 2823 456 2885 ferratasque
493 2823 658 2870 trudes
695 2831 743 2870 et
779 2831 923 2870 acuta
958 2822 1162 2884 cuspide
1198 2829 1372 2869 contos

219 2951 404 2998 177-208
417 2948 548 2987 MPR
662 2951 736 2999 187
758 2948 933 3000 partim]
949 2954 1113 2998 partem
1129 2947 1182 2986 M
1189 2949 1338 2999 probat
1348 2948 1536 2986 Deuticke
1594 2950 1671 2998 198
1690 2960 1821 2987 aurea

161 3000 282 3040 ΜῙΡι
448 3017 527 3043 202
558 3003 697 3042 animo
717 3002 801 3054 Ργ1
913 3015 1040 3053 prora
1061 3000 1113 3041 M
1274 3003 1354 3042 208
1383 3003 1513 3041 sudes
1533 3001 1583 3040 M
