2014 3372
1267 145 1688 195 GEORGICON
1727 145 1800 192 IV

136 298 507 346 purpureosque
543 290 737 330 metunt
771 283 916 331 flores
953 290 1003 331 et
1038 282 1243 332 flumina
1277 282 1434 331 libant

137 380 331 412 summa
365 366 509 412 leves.
584 362 702 428 hinc
739 363 908 412 nescio
945 380 1044 427 qua
1079 363 1346 413 dulcedine
1381 365 1539 413 laetae
1750 385 1800 425 55

135 445 421 508 progeniem
459 444 718 508 nidosque·
742 447 923 504 fovent,
964 444 1094 494 hinc.
1116 454 1218 494 arte
1254 445 1462 495 recentis

72 553 76 558 -
136 527 386 575 excudunt
422 542 556 574 ceras
596 535 644 574 et
680 528 827 574 mella
863 525 1055 574 tenacia
1091 527 1295 589 fingunt.

135 607 252 656 hinc
287 607 373 656 ubi
410 607 508 655 iam
549 607 786 656 emissum
821 607 981 656 caveis
1016 609 1081 656 ad
1118 607 1277 657 sidera
1311 607 1436 657 caeli
1508 636 1511 641 =

136 706 265 738 nare·
287 706 373 753 per
409 695 648 738 aestatem
680 688 925 752 liquidam
961 688 1234 751 suspexeris
1268 705 1448 751 agmen

136 772 497 834 obscuramque
535 770 661 818 trahi
697 779 846 819 vento
882 770 1122 819 mirabere
1157 771 1358 830 nubem,
1752 778 1804 818 60

136 855 525 916 contemplator:
563 869 717 916 aquas
754 852 913 901 dulcis
949 861 997 901 et
1032 854 1238 902 frondea
1273 869 1467 916 semper

136 934 265 982 tecta
300 943 487 997 petunt.
563 935 661 982 huc
682 943 750 982 tu
784 934 944 982 iussos
979 951 1183 997 asperge
1217 950 1430 997 saporeS‚

136 1015 246 1064 trita
284 1015 591 1079 melisphylla
627 1025 676 1064 et
712 1015 962 1064 cerinthae
997 1015 1214 1078 ignobile
1248 1033 1465 1079 gramen,

135 1095 440 1159 tinnitusque
477 1096 553 1144 cie
589 1105 638 1164 et
675 1096 849 1144 Matris
886 1105 1033 1159 quate
1069 1096 1295 1159 cymbala
1329 1096 1545 1145 circum:

135 1177 270 1240 ipsae
308 1177 569 1226 consident
606 1177 863 1236 medicatis
899 1178 1114 1238 sedibus,
1153 1177 1290 1241 ipsae
1753 1186 1804 1238 65

136 1259 310 1309 intima
346 1277 483 1309 more
519 1277 609 1309 suo
647 1277 754 1308 sese
788 1260 839 1308 in
877 1260 1124 1308 cunabula
1158 1262 1390 1309 condent.

116 1373 119 1376 -
204 1341 290 1390 Sin
326 1351 493 1390 autem
530 1343 595 1390 ad
630 1358 849 1405 pugnam
887 1341 1277 1390 exierint—nam
1314 1358 1462 1405 saepe
1497 1341 1696 1390 duobus

136 1423 329 1487 regibus
369 1422 569 1471 incessit
605 1439 787 1485 magno
823 1422 1071 1471 discordia
1106 1431 1244 1471 motu
1261 1441 1275 1483 3

137 1507 476 1570 continuoque
512 1506 706 1556 animos
743 1507 877 1569 vulgi
912 1516 961 1555 et
996 1506 1293 1570 trepidantia
1328 1507 1461 1556 bello

136 1590 286 1638 corda
323 1589 436 1637 licet
472 1591 619 1651 longe
655 1588 1016 1651 praesciscere:
1069 1605 1286 1651 namque
1321 1587 1558 1638 morantis
1756 1607 1806 1647 70

138 1669 345 1718 Martius
382 1669 464 1718 ille
500 1669 624 1718 aeris
662 1669 796 1717 rauci
832 1685 982 1718 canor
1015 1669 1250 1733 increpat,
1288 1680 1338 1719 et
1371 1688 1468 1719 vox

134 1751 332 1799 auditur
367 1754 546 1800 fractos
582 1750 772 1799 sonitus
808 1750 998 1799 imitata
1032 1751 1261 1800 tubarum
1278 1770 1291 1812 3

135 1840 242 1879 tum
279 1832 499 1895 trepidae
535 1832 662 1881 inter
696 1848 751 1880 se
786 1841 970 1880 coeunt
1005 1832 1282 1895 pennisque
1317 1842 1579 1882 coruscant

138 1913 423 1976 spiculaque
460 1922 706 1962 exacuunt
741 1912 909 1962 rostris
944 1922 1215 1976 aptantque
1250 1915 1457 1963 lacertos

135 2004 184 2043 et
220 1995 349 2044 circa
384 2013 549 2059 regem
586 1999 736 2058 atque
772 1995 879 2058 ipsa
913 1997 979 2044 ad
1014 1996 1258 2059 praetoria
1292 1998 1477 2045 densae
1653 2017 1657 2022 ³
1757 2014 1804 2058 75

137 2075 412 2132 miscentur>
439 2077 729 2141 magnisque
764 2086 945 2125 vocant
980 2077 1278 2126 clamoribus
1313 2079 1551 2138 hostem,
1700 2080 1702 2083 ’

136 2174 250 2221 ergo
286 2157 372 2207 ubi
407 2176 491 2207 ver
527 2167 701 2207 nactae
738 2159 919 2206 sudum
957 2174 1260 2221 camposque
1294 2159 1524 2222 patentis,

135 2249 399 2302 erumpunt
434 2240 619 2304 portis3
666 2239 985 2299 concurritur,
1023 2241 1221 2288 aethere
1256 2239 1307 2287 in
1342 2241 1444 2288 alto

134 2322 188 2368 fit
224 2321 428 2381 sonitus,
468 2339 703 2385 magnum
740 2321 921 2369 mixtae
956 2322 1288 2383 glomerantur
1322 2321 1374 2368 in
1410 2321 1583 2370 orbem

134 2402 524 2466 praecipitesque
559 2394 776 2464 cadunt3
823 2419 927 2451 non
964 2401 1163 2451 densior
1196 2405 1309 2451 aete
1343 2402 1546 2466 grando,
1753 2413 1805 2452 8ο

134 2499 227 2531 nec
263 2485 327 2532 de
362 2501 605 2533 concussa
639 2493 833 2532 tantum
870 2482 994 2547 pluit
1029 2483 1140 2532 ilice
1174 2483 1397 2547 glandis:

134 2561 227 2626 ipsi
262 2581 349 2626 per
385 2565 574 2624 medias
608 2565 740 2614 acies
776 2564 1050 2628 insignibus
1085 2564 1173 2612 alis

135 2643 346 2707 ingentis
381 2646 576 2696 animos
610 2656 821 2711 angusto
856 2646 908 2694 in
944 2655 1144 2709 pectore
1178 2655 1386 2706 versant,

135 2725 293 2789 usque
327 2728 455 2776 adeo
491 2728 661 2776 obnixi
696 2746 799 2778 non
836 2730 1012 2776 cedere
1048 2730 1170 2776 dum
1204 2728 1361 2791 gravis
1397 2737 1482 2776 aut
1517 2730 1609 2778 hos

135 2816 220 2855 aut
256 2809 348 2857 hos
384 2824 524 2857 versa
559 2811 674 2872 fuga
708 2809 863 2858 victor
898 2811 1016 2858 dare
1053 2818 1187 2872 terga
1224 2808 1429 2872 subegit.
1752 2820 1801 2868 85

192 2940 327 2988 54-85
349 2937 440 2977 MP
683 2950 734 2987 57
766 2938 997 2977 excludunt
1018 2937 1083 2975 Pa
1250 2939 1303 2987 58
1332 2938 1399 2977 hic
1420 2938 1462 2976 P
1598 2950 1648 2988 75
1679 2951 1804 2989 reges

137 2991 229 3041 ipsa
250 2992 431 3043 Schaper
500 3024 508 3027 .
