2014 3372
216 151 268 198 P.
307 149 606 197 VERGILI
645 147 971 197 MARONIS

214 289 355 354 isque
390 307 562 339 amens
597 288 752 338 animi
789 297 837 338 et
873 304 1069 337 rumore
1106 303 1345 337 accensus
1386 302 1556 336 amaro

214 372 394 422 dicitur
428 381 544 421 ante
578 388 686 421 aras
723 371 890 420 media
925 370 1052 419 inter
1086 369 1293 418 numina
1331 368 1503 418 divum

215 455 371 502 multa
409 455 582 502 Iovem
619 451 851 501 manibus
888 453 1096 515 supplex
1131 467 1296 500 orasse
1332 450 1552 514 supinis:

218 538 230 561 ‘
251 533 473 598 Iuppiter
509 532 840 597 omnipotens,
881 531 962 581 cui
998 549 1131 581 nunc
1176 531 1431 580 Maurusia
1465 531 1609 596 pictis

214 631 334 679 gens
372 616 569 678 epulata
604 613 722 663 toris
760 616 1016 663 Lenaeum
1053 612 1174 661 libat
1210 613 1467 673 honorem,

214 695 392 759 aspicis
430 698 594 745 haec?
639 714 704 745 an
740 705 802 757 te,
842 696 1047 760 genitor,
1084 713 1198 744 cum
1235 695 1443 745 fulmina
1478 706 1679 760 torques

215 778 521 842 nequiquam
557 780 830 838 horremus,
870 777 1105 841 caecique
1140 776 1192 825 in
1228 776 1447 826 nubibus
1483 777 1622 841 ignes

214 860 479 911 terrificant
514 860 709 910 animos
745 869 795 910 et
829 859 996 909 inania
1032 876 1283 908 murmura
1323 859 1570 909 miscent?

214 941 413 1001 femina,
453 958 581 1005 quae
617 941 797 990 nostris
834 958 999 991 errans
1037 940 1089 988 in
1126 939 1308 990 finibus
1345 941 1521 990 urbem

215 1022 441 1086 exiguam
478 1021 637 1085 pretio
674 1021 853 1085 posuit,
893 1021 974 1070 cui
1010 1021 1124 1070 litus
1161 1022 1403 1070 arandum

216 1105 397 1168 cuique
433 1104 531 1153 loci
567 1106 699 1169 leges
737 1104 983 1164 dedimus,
1024 1103 1240 1153 conubia
1276 1112 1445 1153 nostra

217 1186 432 1251 reppulit
467 1203 526 1235 ac
562 1185 825 1235 dominum
861 1188 1071 1234 Aenean
1107 1184 1159 1233 in
1194 1202 1342 1248 regna
1379 1184 1577 1249 recepit.

217 1278 266 1319 et
301 1284 435 1317 nunc
471 1266 553 1316 ille
591 1266 726 1316 Paris
764 1284 879 1316 cum
916 1266 1146 1316 semiviro
1183 1265 1435 1326 comitatu,

219 1350 455 1400 Maeonia
492 1358 718 1399 mentum
754 1349 898 1398 mitra
935 1349 1222 1413 crinemque
1258 1350 1546 1399 madentem

219 1434 483 1492 subnexus,
522 1440 664 1495 rapto
699 1430 915 1494 potitur:
964 1447 1056 1480 nos
1093 1448 1299 1480 munera
1338 1431 1534 1495 templis

220 1517 404 1581 quippe
441 1516 536 1565 tuis
573 1515 774 1565 ferimus
811 1510 1096 1580 famamque
1134 1519 1359 1566 fovemus
1395 1517 1627 1566 inanem!

287 1598 494 1648 Talibus
531 1607 755 1647 orantem
793 1597 937 1647 dictis
974 1615 1181 1662 arasque
1221 1607 1474 1647 tenentem

220 1680 376 1731 audiit
419 1679 766 1744 Omnipotens,
808 1681 1080 1743 oculosque
1116 1681 1182 1729 ad
1217 1679 1416 1729 moenia
1451 1679 1591 1729 torsit

221 1763 351 1827 regia
387 1771 435 1811 et
472 1762 653 1811 oblitos
690 1764 851 1811 famae
887 1761 1103 1811 melioris
1139 1762 1363 1812 amantis.

222 1855 328 1894 tum
366 1844 435 1894 sic
473 1843 778 1893 Mercurium
814 1843 1099 1908 adloquitur
1133 1861 1193 1894 ac
1228 1844 1344 1894 talia
1379 1846 1616 1895 mandat:

227 1930 238 1952 ‘
258 1927 383 1975 vade
419 1942 523 1988 age,
562 1935 689 1985 nate,
730 1942 854 1974 voca
890 1927 1142 1989 Zephyros
1179 1935 1227 1975 et
1264 1927 1429 1976 labere
1467 1926 1644 1991 pennis

226 2006 635 2070 Dardaniumque
672 2008 866 2067 ducem,
907 2006 1055 2070 Tyria
1094 2007 1399 2072 Karthagine
1440 2008 1526 2072 qui
1561 2024 1697 2057 nunc

226 2097 477 2152 exspectat
512 2087 724 2151 fatisque
761 2090 901 2137 datas
937 2105 1041 2138 non
1078 2089 1275 2153 respicit
1314 2090 1475 2150 urbeS,

224 2171 494 2232 adloquere
527 2178 575 2218 et
611 2168 782 2218 celeris
819 2171 956 2219 defer
992 2187 1104 2219 mea
1140 2170 1273 2220 dicta
1309 2189 1397 2235 per
1432 2187 1588 2220 auras,

224 2268 327 2300 non
364 2250 503 2299 illum
540 2250 685 2299 nobis
721 2250 941 2314 genetrix
979 2251 1309 2315 pulcherrima
1348 2254 1496 2301 talem

222 2331 449 2396 promisit
488 2331 793 2395 Graiumque
830 2331 946 2381 ideo
982 2332 1059 2382 bis
1098 2332 1316 2382 vindicat
1351 2333 1535 2394 armis;

224 2415 314 2462 sed
351 2415 455 2462 fore
491 2412 576 2476 qui
611 2412 863 2476 gravidam
899 2413 1116 2478 imperiis
1153 2415 1387 2478 belloque
1424 2417 1717 2464 frementem

228 2493 423 2543 Italiam
460 2504 659 2557 regeret,
699 2512 854 2558 genus
891 2497 992 2544 alto
1028 2513 1058 2545 a
1095 2496 1334 2559 sanguine
1370 2495 1551 2544 Teucri

225 2576 469 2639 proderet,
509 2592 568 2623 ac
604 2585 765 2624 totum
802 2577 894 2626 sub
933 2579 1065 2641 leges
1103 2577 1317 2626 mitteret
1353 2577 1539 2625 orbem.

227 2657 268 2706 si
304 2659 439 2706 nulla
474 2657 704 2707 accendit
741 2668 987 2708 tantarum
1025 2659 1178 2722 gloria
1214 2675 1377 2708 rerum

228 2755 322 2788 nec
358 2756 504 2803 super
539 2739 645 2803 ipse
682 2756 771 2789 sua
808 2740 1008 2790 molitur
1043 2742 1191 2790 laude
1227 2741 1464 2799 laborem,

1817 469 1894 510 205

1819 877 1898 907 210

1822 1285 1899 1327 215

1824 1699 1919 1727 220*

1826 2108 1902 2150 225

1828 2512 1907 2552 230

285 2872 475 2919 203-216
495 2870 626 2909 MPR
644 2883 653 2919 ;
684 2883 874 2920 217—233
895 2869 987 2909 MP
1244 2882 1324 2919 204
1345 2867 1538 2921 numina]
1560 2878 1737 2906 munera
1757 2866 1909 2906 multos

229 2922 368 2976 legisse
387 2929 562 2964 testatur
583 2925 637 2965 D.
662 2924 792 2975 Serv„
825 2924 1088 2964 commendat
1113 2924 1286 2964 Kvibala
1578 2934 1656 2972 217
1687 2921 1908 2961 subnexus

228 2973 437 3019 deteriores
456 2980 539 3019 duo
556 2994 565 3019 ε
594 2979 801 3018 subnixus
821 2979 941 3030 ceteri,
961 2983 1163 3019 testantur
1174 2979 1339 3017 Nonius
1352 2977 1467 3018 Serv.
1600 2989 1680 3027 227
1709 2975 1909 3027 genetrix

231 3035 353 3075 nobis
373 3034 429 3074 Pl
449 3035 656 3074 deteriores
674 3033 843 3072 Ribbeck
1007 3046 1087 3084 233
1116 3033 1304 3073 laborum
1327 3033 1377 3072 M
1379 3030 1500 3083 112271
