2020 3372
1324 163 1746 213 GEORGICON
1766 163 1810 234 ,1

140 303 360 369 quinque
395 314 565 354 tenent
601 307 794 354 caelum
830 322 1012 354 zonae:
1056 322 1264 369 quarum
1301 323 1400 354 una
1436 323 1642 355 corusco

140 402 334 449 semper
369 387 473 435 sole
507 385 690 435 rubens
726 395 775 434 et
810 386 995 435 torrida
1030 403 1224 449 semper
1259 387 1323 435 ab
1359 386 1460 450 igni
1477 405 1491 446 3

142 484 292 531 quam
329 467 514 517 circum
551 477 796 517 extremae
833 470 1003 516 dextra
1038 470 1276 531 laevaque
1311 469 1571 516 trahuntur
1734 489 1752 515 2
1760 487 1782 526 3
1788 488 1810 527 5

140 551 407 609 caeruleae,
445 549 602 612 glacie
639 558 900 598 concretae
936 559 1086 612 atque
1122 548 1362 597 imbribus
1398 549 1546 609 atris3

139 631 228 678 has
265 629 390 678 inter
426 629 743 693 mediamque
780 631 909 678 duae
945 629 1234 678 mortalibus
1270 629 1426 693 aegris

140 728 344 759 munere
382 727 648 760 concessae
684 710 871 770 divum,
910 720 958 760 et
993 710 1072 759 via
1107 720 1242 760 secta
1277 728 1365 774 per
1399 711 1587 770 ambas,

141 792 371 855 obliquus
409 809 507 855 qua
538 809 595 859 ‚se
631 791 884 855 signorum
919 801 1127 841 verteret
1163 794 1300 842 ordo.

140 874 370 931 mundus,
410 882 463 920 ut
499 874 564 921 ad
601 872 852 935 Scythiam
890 872 1243 936 Riphaeasque
1278 874 1461 921 arduus
1497 889 1633 922 arces
1678 876 1681 879 ’
1736 894 1813 933 240

140 952 402 1015 consurgit,
442 952 677 1016 premitur
715 953 901 1016 Libyae
937 955 1152 1003 devexus
1188 954 1239 1002 in
1275 957 1498 1002 Austros.

140 1033 221 1082 hic
257 1043 421 1082 vertex
456 1034 601 1082 nobis
639 1051 833 1097 semper
868 1034 1092 1083 sublimis
1110 1053 1123 1096 3
1165 1044 1214 1083 at
1250 1034 1389 1083 illum

141 1116 234 1163 sub
269 1115 481 1178 pedibus
518 1117 635 1178 Styx
669 1124 774 1164 atra
807 1116 942 1164 videt
980 1119 1259 1179 Manesque
1294 1116 1541 1179 profundi.

140 1195 382 1244 maximus
418 1195 499 1244 hic
535 1198 663 1245 flexu
700 1196 902 1246 sinuoso
939 1197 1148 1246 elabitur
1182 1197 1373 1261 Anguis

141 1276 325 1324 circum
362 1294 547 1339 perque
583 1267 707 1325 duas
743 1277 794 1324 in
830 1295 1020 1326 morem
1056 1277 1273 1326 fluminis
1309 1280 1501 1338 Arctos,
1738 1300 1812 1339 245

141 1359 318 1405 Arctos
357 1357 546 1406 Oceani
583 1358 848 1406 metuentis
884 1375 1099 1421 aequore
1137 1358 1271 1420 tingi.

142 1437 254 1497 illic,
294 1447 347 1486 ut
382 1438 658 1500 perhibent,
697 1448 782 1487 aut
818 1439 1116 1503 intempesta
1151 1439 1259 1488 silet
1296 1457 1408 1500 nox,

143 1535 337 1581 semper
372 1529 420 1567 et
457 1520 662 1568 obtenta
697 1521 969 1569 densentur
1004 1530 1151 1569 nocte
1188 1521 1421 1569 tenebrae
1441 1539 1453 1580 ;

141 1609 225 1647 aut
248 1599 387 1648 (redit
422 1617 452 1647 a
487 1600 631 1649 nobis
667 1603 860 1650 Aurora
895 1601 1130 1664 diemque
1166 1602 1370 1661 reducit,

142 1697 333 1743 nosque
369 1680 455 1729 ubi
492 1681 677 1744 primus
716 1682 855 1744 equis
893 1682 1070 1731 Oriens
1106 1682 1307 1731 adflavit
1342 1682 1532 1731 anhelis
1736 1704 1815 1743 250

142 1761 240 1810 illic
278 1778 384 1810 sera
421 1763 602 1810 rubens
639 1763 871 1811 accendit
907 1762 1096 1810 lumina
1132 1765 1334 1826 Vesper.

143 1842 259 1891 hinc
296 1852 612 1906 tempestates
650 1844 804 1892 dubio
840 1843 1148 1907 praediscere
1184 1846 1323 1892 caelo

144 1940 419 1986 possumus,
462 1924 578 1972 hinc
615 1924 888 1988 messisque
925 1925 1060 1974 diem
1096 1934 1394 1988 tempusque
1430 1926 1639 1986 serendi,

145 2013 193 2052 et
229 2006 430 2067 quando
468 2004 679 2053 infidum
715 2005 861 2054 remis
898 2005 1151 2069 impellere
1188 2023 1404 2055 marmor

146 2085 420 2144 conveniat,
462 2087 665 2148 quando
700 2096 911 2134 armatas
948 2088 1197 2135 deducere
1235 2087 1418 2147 classis,
1735 2110 1810 2148 255

144 2175 228 2214 aut
264 2166 607 2229 tempestivam
645 2166 776 2215 silvis
814 2176 1028 2216 evertere
1064 2167 1250 2230 pinum.

213 2249 321 2296 Nec
357 2250 531 2296 frustra
569 2247 819 2311 signorum
856 2248 1020 2297 obitus
1058 2251 1371 2312 speculamur
1407 2259 1455 2298 et
1491 2259 1641 2310 ortus,

146 2329 553 2393 temporibusque
593 2346 762 2392 parem
799 2329 1001 2379 diversis
1038 2340 1270 2393 quattuor
1304 2348 1504 2380 annum.

145 2409 346 2474 frigidus
382 2410 645 2474 agricolam
683 2410 723 2459 si
760 2412 962 2473 quando
999 2410 1220 2460 continet
1256 2411 1426 2472 imber,

146 2493 312 2550 multa,
352 2494 511 2540 forent
549 2509 676 2555 quae
713 2501 826 2555 post
863 2494 1002 2541 caelo
1038 2495 1348 2555 properanda
1385 2511 1573 2554 sereno,
1735 2504 1813 2544 260

146 2582 387 2621 maturare
423 2575 598 2621 datur:
649 2575 828 2622 durum
866 2573 1095 2637 procudit
1130 2583 1290 2622 arator

144 2654 354 2702 vomeris
391 2654 592 2703 obtunsi
629 2656 844 2714 dentem,
885 2664 1026 2703 cavat
1061 2655 1235 2703 arbore
1271 2654 1453 2714 lintres,

145 2744 228 2782 aut
264 2735 430 2797 pecori
467 2735 661 2798 signum
698 2746 783 2784 aut
819 2753 1051 2784 numeros
1089 2735 1335 2799 impressit
1370 2736 1568 2785 acervis.

200 2866 390 2914 233-263
413 2864 591 2903 AMPR
782 2867 863 2916 236
892 2865 1090 2905 caerulea
1118 2866 1188 2903 b²⁷r
1213 2865 1396 2917 Wagner
1575 2868 1656 2916 248
1685 2869 1810 2907 dens-

146 2925 271 2958 antur
291 2919 408 2956 AMc
527 2931 603 2969 251
636 2920 719 2959 illic
741 2921 854 2959 codd.
872 2934 880 2958 :
912 2921 993 2958 illis
1014 2920 1165 2958 Seneca
1184 2926 1241 2971 ep.
1265 2934 1352 2960 122.
1372 2934 1409 2968 2,
1434 2920 1605 2959 Ribbeck
1714 2935 1806 2973 251,

147 2985 238 3023 257,
255 2975 350 3022 258,
368 2984 447 3022 252
468 2974 541 3011 hoc
553 2974 693 3012 ordine
704 2974 888 3023 Ribbeck,
897 2975 1047 3025 probat
1059 2974 1259 3026 Madvig:
1291 2976 1491 3013 aliialiter
1578 2987 1658 3025 252
1688 2989 1808 3025 prae-

148 3028 291 3065 dicere
310 3028 399 3066 AR
558 3030 640 3067 260
669 3034 765 3078 post
785 3027 838 3065 M
851 3042 860 3066 ε
892 3042 991 3067 mox
1012 3030 1125 3067 ceteri
1278 3031 1357 3078 263
1387 3030 1612 3079 impressat
1629 3030 1672 3068 A
1697 3030 1807 3070 codd.

146 3081 351 3119 deteriores
370 3082 552 3131 quidam,
577 3082 815 3133 Hoffmann
