2014 3372
219 158 272 206 P.
311 157 611 205 VERGILI
651 156 979 205 MARONIS

219 296 601 358 Threiciamque
637 298 858 355 Samum,
898 312 1027 359 quae
1063 312 1198 344 nunc
1236 293 1576 343 Samothracia
1612 283 1774 343 fertur.

219 377 335 427 hinc
373 378 512 426 illum
550 376 758 440 Corythi
793 379 1051 440 Tyrrhena
1085 377 1150 425 ab
1188 378 1307 425 sede
1343 378 1623 439 profectum

217 476 366 508 aurea
401 476 536 507 nunc
572 458 698 507 solio
735 458 975 507 stellantis
1011 457 1144 522 regia
1180 457 1304 506 caeli
1820 476 1900 505 210

217 541 397 605 accipit
434 551 483 590 et
519 558 784 589 numerum
821 540 1049 590 divorum
1085 540 1322 589 altaribus
1358 542 1534 602 auget.'

287 623 503 683 Dixerat,
543 633 591 672 et
629 623 762 672 dicta
799 623 1021 672 Ilioneus
1057 623 1130 671 sic
1165 640 1290 671 voce
1326 631 1554 671 secutus:

221 710 346 766 ‘rex‚
386 722 541 769 genus
578 704 829 768 egregium
867 705 1039 764 Fauni,
1078 722 1173 753 nec
1208 704 1441 752 fluctibus
1477 713 1615 752 actos

216 797 320 836 atra
356 787 550 850 subegit
586 786 746 835 hiems
782 786 955 835 vestris
993 788 1261 835 succedere
1297 784 1447 844 terris,

217 887 311 918 nec
348 869 484 918 sidus
522 868 722 932 regione
757 867 867 916 viae
902 867 1080 916 litusve
1115 867 1318 916 fefellit:
1821 885 1898 925 215

217 950 425 1000 consilio
463 952 592 998 hanc
629 967 804 998 omnes
840 949 1122 1012 animisque
1156 948 1437 997 volentibus
1474 947 1650 996 urbem

216 1033 484 1082 adferimur
519 1032 650 1096 pulsi
685 1031 860 1095 regnis,
902 1048 1032 1095 quae
1068 1031 1282 1080 maxima
1319 1031 1576 1094 quondam

216 1125 435 1164 extremo
471 1114 676 1164 veniens
713 1116 788 1163 sol
823 1113 1096 1177 aspiciebat
1133 1115 1363 1176 Olympo.

215 1198 280 1246 ab
319 1200 440 1246 Iove
476 1196 775 1261 principium
810 1196 1018 1259 generis,
1061 1197 1182 1244 Iove
1220 1197 1456 1243 Dardana
1491 1194 1649 1257 pubes

216 1281 399 1343 gaudet
435 1295 541 1338 avo,
583 1295 667 1326 rex
702 1277 809 1341 ipse
847 1277 981 1326 Iovis
1018 1278 1083 1325 de
1119 1285 1267 1339 gente
1303 1292 1566 1339 suprema:
1823 1294 1902 1322 220

217 1361 396 1410 Troius
434 1363 632 1409 Aeneas
668 1369 754 1408 tua
790 1377 883 1408 nos
919 1360 984 1408 ad
1022 1357 1194 1406 limina
1230 1357 1375 1406 misit.

217 1454 403 1509 quanta
440 1461 527 1507 per
564 1444 745 1491 Idaeos
784 1441 942 1491 saevis
979 1443 1135 1490 effusa
1173 1440 1399 1503 Mycenis

217 1535 486 1590 tempestas
524 1525 632 1573 ierit
669 1541 889 1587 campos,
929 1524 1112 1587 quibus
1149 1532 1288 1571 actus
1326 1531 1534 1585 uterque

219 1611 450 1671 Europae
486 1616 637 1669 atque
674 1605 824 1654 Asiae
860 1605 972 1654 fatis
1010 1603 1312 1653 concurrerit
1348 1603 1496 1662 orbis,

216 1691 374 1741 audiit
410 1701 458 1740 et
495 1691 535 1739 si
572 1707 723 1754 quem
759 1692 904 1739 tellus
942 1698 1160 1738 extrema
1195 1689 1360 1736 refuso
1821 1704 1898 1744 225

218 1782 498 1823 summovet
537 1773 744 1821 Oceano
781 1781 830 1820 et
866 1771 907 1820 si
943 1788 1095 1835 quem
1131 1779 1331 1819 extenta
1364 1771 1621 1833 plagarum

218 1864 450 1918 quattuor
486 1853 537 1901 in
575 1853 744 1902 medio
781 1852 967 1901 dirimit
1003 1854 1148 1916 plaga
1184 1851 1301 1899 solis
1337 1850 1508 1913 iniqui.

218 1937 406 1987 diluvio
444 1953 503 1984 ex
538 1935 622 1983 illo
660 1944 733 1983 tot
769 1944 907 1983 vasta
942 1951 1031 1996 per
1065 1950 1283 1996 aequora
1318 1932 1447 1981 vecti

218 2019 295 2068 dis
333 2020 505 2067 sedem
542 2017 768 2079 exiguam
804 2015 973 2080 patriis
1010 2015 1226 2078 litusque
1261 2032 1491 2077 rogamus

218 2100 492 2149 innocuum
530 2108 578 2148 et
614 2098 805 2147 cunctis
842 2099 1133 2160 undamque
1168 2113 1439 2159 auramque
1474 2104 1744 2160 patentem.
1819 2114 1901 2152 230

219 2198 322 2230 non
359 2180 539 2229 erimus
576 2197 727 2243 regno
764 2179 1037 2238 indecores»,
1078 2195 1173 2227 nec
1207 2187 1368 2227 vestra
1402 2179 1583 2226 feretur

219 2267 351 2314 fama
387 2263 505 2312 levis
543 2263 766 2326 tantique
801 2262 1056 2310 abolescet
1092 2261 1245 2325 gratia
1281 2260 1410 2320 facti,

220 2363 314 2395 nec
350 2345 553 2394 Troiam
590 2344 842 2393 Ausonios
879 2343 1067 2407 gremio
1105 2342 1357 2406 excepisse
1393 2342 1593 2405 pigebit.

220 2430 320 2476 fata
355 2444 441 2490 per
477 2429 679 2475 Aeneae
715 2426 822 2474 iuro
859 2427 1182 2487 dextramque
1219 2433 1490 2487 potentem,

221 2508 323 2557 sive
359 2509 458 2556 fide
495 2524 582 2556 seu
619 2507 727 2570 quis
766 2508 899 2555 bello
937 2516 1010 2555 est
1047 2514 1274 2568 expertus
1312 2514 1361 2553 et
1396 2504 1576 2553 armis:
1822 2524 1898 2564 235

222 2589 365 2638 multi
402 2606 493 2637 nos
529 2589 713 2651 populi,
756 2591 942 2638 multae
981 2588 1065 2653 (ne
1102 2597 1284 2646 temne,
1325 2588 1462 2650 quod
1499 2589 1628 2635 ultro

222 2670 540 2735 praeferimus
578 2671 807 2720 manibus
845 2671 990 2719 vittas
1027 2688 1085 2719 ac
1122 2670 1272 2718 verba
1308 2669 1580 2733 precantia)

277 2802 469 2850 208-237
491 2801 661 2840 FMPR
893 2815 970 2840 211
1006 2813 1227 2840 numerom
1248 2800 1306 2839 Pl
1326 2815 1334 2840 :
1366 2814 1543 2839 numero
1564 2798 1669 2852 P²7¹
1780 2799 1900 2839 addit

221 2855 337 2906 7¹bc:
377 2869 534 2895 numen
557 2887 565 2895 .
589 2887 597 2895 .
624 2887 632 2895 .
656 2857 774 2895 addit
791 2856 953 2907 jasper,
987 2856 1137 2906 probat
1166 2856 1389 2906 Guthling:
1440 2868 1662 2894 numerum
1685 2884 1693 2893 .
1718 2884 1728 2894 .
1750 2883 1758 2892 .
1782 2854 1901 2893 addit

223 2910 386 2950 editores
405 2912 585 2962 plerique
750 2924 831 2949 212
862 2911 1018 2950 dictum
1039 2910 1105 2948 M1
1247 2923 1324 2949 221
1358 2911 1486 2949 mittit
1506 2910 1548 2948 F
1695 2921 1774 2957 224
1806 2920 1903 2946 con-

225 2972 414 3005 curreret
437 2966 502 3006 R:
535 2966 803 3004 concurritur
822 2965 905 3015 1³71
1090 2978 1169 3014 232
1199 2966 1358 3004 tantive
1380 2965 1444 3003 Rc
1661 2975 1739 3013 237
1770 2963 1899 3002 verba

225 3026 471 3069 precantum
493 3020 569 3058 Rc2
587 3034 594 3060 :
626 3021 839 3069 vittasque
861 3020 1080 3069 precantia
1100 3020 1230 3058 verba
1250 3018 1292 3057 F
1292 3019 1307 3041 ²
1646 3023 1649 3024 ’
