2014 3372
452 713 523 780 P.
574 710 977 779 VERGILI
1049 709 1502 780 MARONIS

657 878 813 950 ΑΕ
831 878 904 951 Ν
926 878 1039 950 ΕΙ
1060 878 1290 952 DOS

824 1062 1039 1108 LIBER
1077 1062 1131 1108 II

212 1210 563 1260 CONTICVERE
600 1226 774 1258 omnes
811 1209 1088 1272 intentique
1124 1226 1209 1258 ora
1245 1209 1495 1258 tenebant.

142 1291 261 1341 inde
297 1300 404 1340 toro
439 1300 577 1354 pater
612 1293 809 1340 Aeneas
846 1290 916 1339 sic
952 1307 1091 1339 orsus
1126 1291 1191 1339 ab
1226 1292 1359 1339 alto:

147 1361 450 1431 ‘infandum‚
490 1371 667 1435 regina,
708 1371 849 1420 iubes
886 1388 1120 1420 renovare
1157 1373 1395 1430 dolorem,

142 1453 382 1502 Troianas
419 1462 472 1501 ut
508 1469 629 1515 opes
666 1462 714 1501 et
749 1452 1066 1501 lamentabile
1102 1469 1307 1515 regnum

142 1534 356 1583 eruerint
393 1533 567 1593 Danai,
610 1550 837 1597 quaeque
873 1533 978 1596 ipse
1016 1533 1287 1582 miserrima
1321 1531 1423 1581 vidi
1791 1552 1812 1592 5

142 1625 191 1664 et
228 1632 438 1678 quorum
474 1631 585 1678 pars
622 1632 801 1677 magna
836 1614 918 1663 fui.
993 1614 1102 1679 quis
1138 1614 1254 1663 talia
1288 1615 1442 1662 fando

145 1696 522 1759 Myrmidonum
564 1698 882 1759 Dolopumve
919 1706 1004 1745 aut
1040 1695 1151 1745 duri
1187 1695 1327 1744 miles
1364 1694 1496 1742 Vlixi

143 1787 383 1840 temperet
418 1795 448 1825 a
483 1777 732 1826 lacrimis?
802 1788 850 1827 et
885 1777 983 1826 iam
1020 1794 1119 1826 nox
1153 1776 1324 1826 umida
1359 1778 1497 1825 caelo

143 1859 430 1922 praecipitat
470 1860 780 1922 suadentque
818 1859 1046 1909 cadentia
1082 1858 1242 1908 sidera
1278 1873 1494 1907 somnos.

144 1942 232 1989 sed
270 1940 310 1989 si
346 1949 511 1989 tantus
549 1957 688 1989 amor
725 1958 866 1989 casus
905 1956 1205 2004 cognoscere
1241 1948 1435 1988 nostros
1767 1958 1817 1987 10

144 2031 192 2070 et
229 2021 439 2070 breviter
474 2021 654 2070 Troiae
691 2039 977 2085 supremum
1013 2021 1184 2070 audire
1220 2021 1455 2079 laborem,

144 2119 447 2166 quamquam
485 2102 679 2151 animus
716 2102 1001 2151 meminisse
1037 2104 1202 2151 horret
1238 2104 1475 2164 luctuque
1510 2100 1697 2163 refugit,

143 2183 390 2246 incipiam.

451 2267 611 2317 Fracti
648 2268 779 2316 bello
815 2265 1025 2329 fatisque
1061 2265 1244 2329 repulsi

144 2350 374 2398 ductores
414 2351 645 2398 Danaum
681 2357 756 2398 tot
790 2348 889 2397 iam
925 2347 1207 2397 labentibus
1242 2345 1385 2395 annis

144 2429 296 2478 instar
333 2430 514 2480 montis
551 2447 733 2494 equum
772 2429 940 2478 divina
975 2428 1188 2478 Palladis
1223 2437 1326 2476 arte
1768 2443 1816 2484 15

143 2512 420 2572 aedificant,
463 2522 696 2577 sectaque
731 2512 957 2561 intexunt
991 2511 1154 2560 abiete
1191 2519 1386 2571 costas;

144 2602 315 2642 votum
352 2611 442 2657 pro
479 2594 638 2644 reditu
676 2594 908 2643 simulant
926 2613 939 2654 3
986 2610 1045 2642 ea
1080 2595 1210 2641 fama
1244 2601 1458 2655 vagatur.

144 2676 243 2723 huc
281 2677 474 2724 delecta
507 2676 664 2725 virum
702 2675 858 2725 sortiti
893 2691 1099 2738 corpora
1134 2673 1300 2722 furtim

146 2755 407 2817 includunt
446 2773 594 2805 caeco
631 2756 768 2805 lateri
803 2756 1100 2820 penitusque
1136 2770 1367 2803 cavernas

146 2835 359 2900 ingentis
397 2846 691 2900 uterumque
727 2846 916 2886 armato
953 2836 1108 2885 milite
1144 2835 1410 2897 complent.
1764 2851 1814 2878 20

207 2978 311 3004 1—20
332 2965 462 3005 MPR
736 2968 818 3016 3-6
845 2971 940 3017 post
970 2965 1159 3006 dolorem
1195 2969 1359 3017 punem,
1390 2968 1487 3016 post
1523 2963 1583 3002 fui
1615 2965 1815 3003 commate

147 3018 409 3071 distinguunt
433 3021 507 3059 alii
