2014 3372
1369 124 1730 174 AENEIDOS
1769 126 1824 175 II

162 276 255 309 nec
291 258 454 308 dubiis
491 276 550 309 ea
584 259 722 323 signa
757 259 896 309 dedit
932 259 1156 309 Tritonia
1192 260 1437 310 monstris.

160 340 239 389 vix
275 340 491 403 positum
527 340 694 389 castris
731 340 1080 390 simulacrum:
1127 359 1287 391 arsere
1322 359 1556 392 coruscae

160 420 429 469 luminibus
466 423 694 469 flammae
729 421 940 481 arrectis,
979 425 1234 485 salsusque
1269 440 1356 486 per
1389 433 1522 473 artus

160 504 311 551 sudor
346 501 412 561 iit,
453 511 623 565 terque
659 502 765 565 ipsa
802 505 909 552 solo
947 503 1190 568 (mirabile
1226 504 1384 569 dictu)

160 582 359 632 emicuit
396 601 717 647 parmamque
753 586 912 633 ferens
949 587 1243 649 hastamque
1278 595 1585 636 trementem.
1748 606 1824 650 175

159 668 406 728 extemplo
442 668 732 729 temptanda
767 669 881 730 fuga
916 667 1047 716 canit
1082 685 1299 731 aequora
1334 671 1557 729 Calchas,

158 762 251 794 nec
287 763 433 809 posse
468 747 709 809 Argolicis
746 748 967 797 exscindi
1004 752 1242 812 Pergama
1278 749 1386 801 telis

158 828 326 876 omina
361 828 411 876 ni
447 838 670 891 repetant
706 829 848 893 Argis
885 847 1172 894 numenque
1207 833 1447 881 reducant

158 902 295 972 quod
330 912 506 973 pelago
543 919 592 959 et
628 911 786 960 curvis
824 929 994 965 secum
1030 930 1234 962 avexere
1270 913 1460 962 carinis.

157 999 206 1038 et
241 1007 375 1039 nunc
412 993 548 1054 quod
584 992 764 1054 patrias
801 1002 951 1042 vento
987 994 1172 1056 petiere
1210 997 1465 1057 Mycenas,
1750 1006 1825 1045 180

157 1088 292 1119 arma
327 1074 549 1135 deosque
586 1083 759 1136 parant
796 1074 1002 1123 comites
1040 1077 1316 1139 pelagoque
1351 1093 1580 1126 remenso

155 1150 407 1214 improvisi
443 1155 664 1202 aderunt.
740 1154 807 1203 ita
842 1155 1017 1218 digerit
1053 1156 1222 1205 omina
1258 1158 1483 1207 Calchas.

156 1235 285 1282 hanc
321 1251 411 1297 pro
448 1235 670 1284 Palladio
707 1236 895 1296 moniti,
935 1253 1025 1299 pro
1060 1237 1265 1286 numine
1300 1240 1435 1287 laeso

156 1315 366 1377 effigiem
404 1325 628 1376 statuere,
670 1319 807 1365 nefas
844 1334 973 1379 quae
1010 1317 1144 1367 triste
1180 1318 1347 1381 piaret.

155 1397 284 1444 hanc
321 1406 487 1445 tamen
522 1397 818 1447 immensam
856 1400 1067 1449 Calchas
1103 1402 1325 1449 attollere
1361 1404 1546 1450 molem
1746 1412 1821 1462 185

155 1477 414 1527 roboribus
452 1479 594 1528 textis
631 1482 870 1543 caeloque
906 1482 1118 1530 educere
1154 1481 1308 1542 iussit,

155 1576 218 1607 ne
254 1559 403 1623 recipi
439 1560 590 1624 portis
626 1570 711 1609 aut
746 1561 863 1610 duci
899 1561 950 1610 in
987 1563 1185 1612 moenia
1219 1573 1401 1626 posset,

155 1657 253 1688 neu
289 1643 531 1704 populum
558 1642 771 1705 >antiqua
807 1643 900 1691 sub
937 1643 1172 1707 religione
1209 1644 1346 1693 tueri.

155 1738 271 1769 nam
308 1721 348 1769 si
383 1731 542 1771 vestra
579 1740 754 1772 manus
790 1723 1020 1772 violasset
1057 1726 1190 1773 dona
1229 1725 1498 1786 Minervae,

154 1810 260 1850 tum
299 1820 531 1866 magnum
569 1805 770 1853 exitium
810 1805 968 1869 (quod
1004 1806 1055 1855 di
1090 1806 1224 1868 prius
1261 1824 1410 1856 omen
1446 1807 1497 1855 in
1533 1807 1698 1870 ipsum
1743 1828 1822 1870 190

156 1893 443 1932 convertant
464 1885 494 1948 Ξ)
568 1885 748 1933 Priami
787 1885 994 1948 imperio
1033 1887 1407 1950 Phrygibusque
1445 1890 1661 1937 futurum
1673 1907 1687 1949 3

154 1962 229 2010 sin
266 1964 495 2013 manibus
532 1966 702 2014 vestris
739 1976 949 2015 vestram
986 1967 1291 2017 ascendisset
1326 1968 1377 2016 in
1413 1969 1602 2029 urbem,

157 2045 281 2092 ultro
317 2045 488 2093 Asiam
525 2064 705 2110 magno
744 2049 959 2109 Pelopea
994 2049 1059 2096 ad
1096 2048 1294 2096 moenia
1330 2049 1461 2097 bello

153 2134 409 2173 venturam
446 2136 494 2174 et
530 2136 724 2175 nostros
763 2144 821 2176 ea
858 2129 957 2176 fata
995 2145 1194 2177 manere
1229 2131 1466 2192 nepotes.'

221 2205 425 2254 Talibus
463 2206 651 2256 insidiis
691 2208 971 2271 periurique
1008 2218 1110 2257 arte
1147 2209 1342 2258 Sinonis
1744 2232 1820 2273 195

154 2285 339 2334 credita
374 2303 463 2346 res,
502 2287 732 2351 captique
770 2289 897 2337 dolis
936 2289 1246 2352 lacrimisque
1282 2289 1466 2338 coactis

154 2383 279 2428 quos
317 2384 480 2430 neque
516 2369 736 2431 Tydides
774 2387 867 2419 nec
907 2370 1163 2419 Larisaeus
1198 2370 1431 2430 Achilles,

153 2464 255 2496 non
291 2449 408 2496 anni
443 2452 682 2500 domuere
719 2454 907 2513 decem,
950 2470 1051 2502 non
1090 2452 1222 2500 mille
1257 2452 1463 2501 carinae.

223 2529 323 2577 Hic
359 2529 493 2579 aliud
530 2532 686 2581 maius
724 2533 911 2582 miseris
951 2536 1209 2596 multoque
1246 2534 1560 2582 tremendum

155 2610 365 2658 obicitur
400 2613 555 2675 magis
590 2624 739 2678 atque
776 2614 1051 2678 improvida
1087 2625 1288 2679 pectora
1323 2616 1498 2664 turbat.
1741 2635 1818 2665 200

156 2693 404 2752 Laocoon,
445 2695 623 2743 ductus
660 2698 899 2759 Neptuno
935 2706 1064 2747 sorte
1101 2699 1344 2756 sacerdos,

214 2822 399 2869 171-183
420 2819 608 2869 FMPV3
642 2824 829 2871 184-198
854 2823 1003 2871 FMP;
1040 2836 1221 2873 199-201
1250 2822 1341 2861 MP
1561 2835 1636 2872 173
1662 2823 1818 2862 ‘Probo

153 2887 252 2913 sane
290 2874 466 2925 displicet
511 2875 647 2914 salsus
691 2875 843 2915 sudor'
881 2877 935 2916 D.
970 2877 1081 2916 Serv.
1135 2878 1361 2926 caldusque
1398 2877 1582 2926 szb‘ala,
1626 2878 1702 2915 alii
1734 2878 1817 2915 alia

146 2928 310 2977 frustra
331 2933 629 2980 temptaverunt
778 2932 855 2979 178
886 2932 1025 2969 omnia
1045 2930 1185 2981 γῙαῙττ1
1342 2932 1415 2980 187
1446 2931 1580 2981 possit
1598 2930 1818 2970 FMa2b¹cn

160 2983 237 3032 196
266 2984 399 3022 coacti
419 2983 464 3035 7²
483 2983 647 3022 Nonius
811 2997 887 3023 201
914 2984 1100 3035 Neptuni
1121 2985 1206 3036 P71
