2014 3372
1381 183 1742 232 AENEIDOS
1781 184 1806 230 Ι

139 331 316 371 terram
351 321 478 370 inter
511 324 690 371 fluctus
724 322 892 385 aperit,
931 322 1046 371 furit
1079 332 1243 372 aestus
1279 322 1487 371 harenis.

138 402 224 451 tris
261 405 424 452 Notus
459 403 686 466 abreptas
722 402 772 451 in
810 420 926 452 saxa
960 403 1162 452 latentia
1198 413 1394 467 torquet

140 484 277 548 (saxa
310 494 489 532 vocant
526 484 639 532 Itali
674 483 851 533 mediis
887 501 1016 547 quae
1050 484 1102 532 in
1138 485 1370 533 fluctibus
1405 487 1544 543 Aras,

138 566 341 613 dorsum
377 564 595 614 immane
630 565 752 613 mari
787 565 1021 628 summo),
1060 565 1144 614 tris
1182 568 1343 622 Eurus
1378 566 1442 614 ab
1478 567 1579 614 alto
1729 584 1806 612 110

137 645 188 693 in
226 646 391 694 brevia
426 655 475 695 et
510 647 651 709 syrtis
687 656 838 710 urget,
880 646 1158 695 miserabile
1193 647 1314 706 visu,

137 726 399 790 inliditque
433 728 571 777 vadis
606 738 756 792 atque
791 745 966 791 aggere
1001 728 1153 791 cingit
1188 731 1413 778 harenae.

137 825 301 868 unam,
342 826 468 871 quae
505 809 682 871 Lycios
718 811 975 872 fidumque
1010 810 1222 858 vehebat
1259 811 1497 869 Oronten,

137 889 289 952 ipsius
326 899 441 938 ante
478 892 650 939 oculos
687 891 860 954 ingens
896 909 926 940 a
960 891 1142 940 vertice
1178 900 1360 955 pontus

136 970 188 1018 in
223 971 430 1034 puppim
467 972 608 1020 ferit:
657 973 899 1021 excutitur
933 989 1219 1036 pronusque
1255 972 1487 1036 magister
1728 991 1803 1031 115

136 1052 345 1101 volvitur
380 1053 431 1100 in
467 1063 650 1116 caput3
695 1064 770 1102 ast
805 1054 940 1103 illam
976 1064 1048 1103 ter
1083 1057 1261 1103 fluctus
1297 1054 1484 1103 ibidem

136 1142 332 1196 torquet
368 1150 518 1196 agens
555 1134 740 1183 circum
777 1145 826 1184 et
862 1136 1061 1198 rapidus
1098 1145 1236 1184 vorat
1272 1151 1488 1198 aequore
1523 1142 1700 1183 vertex.

136 1223 374 1277 apparent
410 1215 502 1263 rari
538 1225 713 1264 nantes
749 1215 801 1263 in
836 1216 1024 1278 gurgite
1058 1225 1210 1275 vasto,

135 1313 271 1344 arma
306 1296 463 1344 virum
500 1297 798 1360 tabulaeque
834 1307 883 1345 et
918 1297 1068 1346 Troia
1102 1314 1219 1359 gaza
1254 1314 1341 1360 per
1375 1298 1549 1346 undas.

136 1377 235 1425 iam
271 1377 483 1426 validam
524 1378 702 1427 Ilionei
739 1395 931 1437 navem,
970 1378 1070 1426 iam
1106 1378 1242 1427 fortis
1278 1380 1518 1437 Achatae,
1729 1397 1806 1425 120

136 1468 185 1507 et
221 1476 320 1521 qua
353 1468 522 1507 vectus
558 1460 710 1519 Abas,
749 1469 798 1508 et
834 1477 932 1523 qua
967 1461 1272 1522 grandaevus
1308 1461 1494 1519 Aletes,

135 1541 251 1590 vicit
286 1541 444 1590 hiems
460 1561 475 1603 ,-
522 1542 640 1591 laxis
676 1545 882 1591 laterum
919 1542 1241 1605 compagibus
1278 1559 1453 1590 omnes

134 1615 383 1685 accipiunt
420 1623 676 1672 inimicum
703 1623 922 1672 ‘imbrem
958 1623 1194 1686 rimisque
1229 1623 1474 1671 fatiscunt.

204 1707 400 1753 Interea
436 1721 616 1768 magno
653 1704 846 1753 misceri
882 1721 1131 1753 murmure
1166 1714 1378 1767 pontum

134 1785 467 1849 emissamque
502 1785 720 1834 hiemem
757 1785 910 1834 sensit
951 1787 1217 1848 Neptunus
1253 1794 1302 1834 et
1336 1785 1448 1834 imis
1727 1805 1802 1844 125

135 1878 307 1931 stagna
341 1871 502 1917 refusa
536 1868 689 1928 vadis,
727 1868 933 1932 graviter
968 1877 1279 1928 commotus3
1326 1877 1374 1916 et
1410 1869 1512 1915 alto

135 1949 438 2012 prospiciens
475 1967 670 1998 summa
705 1949 957 2012 placidum
993 1957 1142 2011 caput
1177 1948 1347 1997 extulit
1382 1950 1530 1997 unda.

135 2029 392 2078 disiectam
427 2033 628 2080 Aeneae
665 2040 772 2079 toto
806 2029 941 2078 videt
976 2046 1191 2091 aequore
1227 2031 1450 2087 classem,

135 2111 366 2159 fluctibus
403 2128 665 2174 oppressos
702 2113 858 2158 Troas
895 2109 1118 2171 caelique
1153 2108 1306 2157 ruina.

135 2209 228 2241 nec
264 2195 447 2241 latuere
484 2193 587 2242 doli
621 2194 818 2241 fratrem
856 2190 1064 2239 Iunonis
1101 2200 1149 2239 et
1185 2190 1296 2238 irae.
1726 2208 1804 2247 130

136 2276 325 2322 Eurum
361 2276 425 2323 ad
462 2291 514 2323 se
550 2276 931 2337 Zephyrumque
966 2281 1123 2331 vocat,
1164 2271 1347 2320 dehinc
1382 2271 1498 2320 talia
1533 2273 1689 2319 fatur:

206 2360 217 2380 ‘
237 2358 463 2404 Tantane
498 2373 587 2404 vos
623 2354 813 2419 generis
850 2353 1008 2403 tenuit
1044 2353 1228 2401 fiducia
1262 2352 1444 2401 vestri?

135 2437 234 2484 iam
270 2439 462 2485 caelum
497 2446 776 2498 terramque
813 2452 927 2484 meo
964 2434 1069 2483 sine
1105 2433 1323 2493 numine,
1361 2433 1509 2492 venti,

136 2516 341 2565 miscere
377 2526 425 2565 et
461 2526 621 2565 tantas
656 2516 848 2565 audetis
885 2518 1055 2564 tollere
1091 2517 1287 2563 moles?

137 2615 261 2660 quos
286 2615 377 2660 ego
402 2628 462 2634 —
489 2602 496 2646 Ξ
534 2600 622 2646 sed
647 2607 809 2646 motos
835 2606 1048 2660 praestat
1075 2612 1376 2658 componere
1400 2597 1590 2643 fluctus.
1726 2613 1801 2652 135

135 2689 248 2741 post
284 2679 405 2727 mihi
440 2697 542 2728 non
580 2679 726 2728 simili
761 2695 924 2741 poena
960 2677 1226 2727 commissa
1260 2677 1418 2725 luetis.

136 2769 376 2808 maturate
412 2762 578 2822 fugam
614 2759 814 2822 regique
850 2761 974 2807 haec
1018 2758 1167 2807 dicite
1202 2768 1396 2806 vestro:

136 2856 238 2888 non
274 2840 343 2887 illi
378 2839 638 2903 imperium
674 2839 834 2902 pelagi
871 2856 1171 2901 saevumque
1207 2838 1485 2897 tridentem,

195 2972 382 3018 107—138
412 2969 504 3007 MR
727 2981 805 3018 109
835 2968 1044 3006 damnant
1061 2966 1224 3016 Bryant
1243 2966 1411 3004 Ribbeck
1566 2966 1802 3015 mediisque

138 3023 217 3070 My
223 3023 372 3070 probat
396 3023 578 3075 Wagner
646 3032 649 3034 ·
683 3024 760 3060 116
790 3022 922 3073 illam]
944 3022 1066 3060 aliam
1087 3020 1256 3059 Ribbeck
1398 3033 1475 3069 129
1505 3021 1669 3059 ruinam
1696 3018 1802 3070 R¹7²

195 3102 328 3130 VERG.
1669 3095 1699 3135 8
