2014 3372
220 142 271 189 P.
313 142 612 190 VERGILI
653 143 977 192 MARONIS

217 296 329 328 ossa
365 279 487 330 focis
526 280 810 344 tepidoque>
834 281 1108 330 onerabant
1143 299 1318 346 aggere
1354 291 1520 333 terrae.

216 361 315 409 iam
352 378 468 410 vero
505 362 557 409 in
594 361 748 421 tectis,
789 362 1073 426 praedivitis
1110 365 1232 414 urbe
1269 364 1446 424 Latini,

215 442 508 506 praecipuus
547 444 707 506 fragor
743 452 791 492 et
827 444 963 507 longi
998 461 1109 508 pars
1146 445 1360 495 maxima
1395 448 1569 495 luctus.

214 524 295 572 hic
333 533 512 573 matres
551 524 858 589 miseraeque
895 543 1059 587 nurus,
1101 526 1182 576 hic
1218 544 1330 576 cara
1367 545 1590 578 sororum
1813 549 1889 591 215

213 614 416 668 pectora
453 615 760 655 maerentum
797 608 1037 671 puerique
1074 608 1362 671 parentibus
1400 609 1506 658 orbi

213 685 376 735 dirum
416 696 728 736 exsecrantur
766 688 951 738 bellum
991 689 1249 753 Turnique
1287 691 1588 753 hymenaeos
1606 710 1619 752 ;

213 766 377 830 ipsum
413 768 560 817 armis
598 768 862 832 ipsumque
898 769 1072 819 iubent
1108 772 1375 820 decernere
1410 773 1549 831 ferro,

213 848 298 911 qui
335 865 541 912 regnum
582 850 755 899 Italiae
793 859 841 899 et
877 851 1063 914 primos
1101 851 1195 901 sibi
1232 862 1405 915 poscat
1442 855 1669 903 honores.

211 929 431 993 ingravat
469 932 592 980 haec
632 948 806 981 saevus
846 934 1069 982 Drances
1107 935 1370 997 solumque
1405 934 1571 983 vocari
1813 957 1892 986 220

211 1020 428 1071 testatur,
470 1014 648 1061 solum*
670 1013 810 1077 posci
846 1013 898 1062 in
934 1014 1204 1064 certamina
1240 1017 1480 1064 Turnum.

212 1095 367 1141 multa
404 1093 549 1142 simul
588 1103 760 1144 contra
795 1094 939 1144 variis
976 1095 1222 1145 sententia
1258 1095 1403 1144 dictis

210 1192 299 1238 pro
337 1177 522 1235 Turno,
565 1184 613 1225 et
650 1193 886 1239 magnum
923 1177 1120 1241 reginae
1157 1194 1343 1227 nomen
1381 1179 1659 1238 obumbrat,

211 1258 367 1305 multa
403 1256 562 1305 virum
600 1257 786 1306 meritis
824 1267 1067 1307 sustentat
1103 1260 1236 1307 fama
1273 1259 1499 1323 tropaeis.

281 1340 394 1387 Hos
431 1338 558 1387 inter
595 1348 774 1399 motus,
816 1340 984 1389 medio
1022 1339 1073 1388 in
1110 1342 1345 1403 flagrante
1383 1343 1610 1401 tumultu,
1814 1362 1887 1403 225

211 1437 327 1469 ecce
365 1437 512 1484 super
551 1421 725 1470 maesti
764 1439 943 1485 magna
982 1422 1244 1472 Diomedis
1281 1424 1345 1472 ab
1383 1423 1505 1472 urbe

209 1502 355 1566 legati
393 1520 630 1566 responsa
667 1505 859 1552 ferunt:
909 1504 1033 1552 nihil
1071 1504 1306 1554 omnibus
1342 1514 1509 1553 actum

209 1593 457 1633 tantorum
496 1583 734 1647 impensis
775 1602 996 1648 operum,
1036 1586 1105 1633 nil
1142 1587 1276 1635 dona
1311 1602 1475 1649 neque
1510 1602 1686 1635 aurum

210 1683 302 1715 nec
340 1683 542 1730 magnas
580 1666 792 1716 valuisse
830 1684 1015 1732 preces,
1057 1667 1152 1716 alia
1186 1685 1322 1717 arma
1360 1667 1550 1717 Latinis

208 1749 506 1810 quaerenda,
547 1757 632 1796 aut
669 1765 845 1812 pacem
885 1749 1104 1798 Troiano
1141 1750 1206 1798 ab
1243 1767 1355 1814 rege
1391 1751 1679 1814 petendum.
1813 1770 1889 1810 230

208 1829 376 1878 deficit
412 1829 599 1893 ingenti
636 1831 772 1879 luctu
812 1847 894 1879 rex
932 1830 1038 1894 ipse
1076 1831 1297 1881 Latinus.

207 1913 406 1960 fatalem
442 1914 651 1960 Aenean
690 1910 953 1961 manifesto
992 1911 1197 1961 numine
1234 1913 1345 1961 ferri

208 1994 446 2041 admonet
482 1991 552 2040 ira
588 1993 740 2041 deum
781 1992 1059 2056 tumulique
1097 2002 1212 2042 ante
1249 2010 1334 2042 ora
1369 2003 1605 2043 recentes.

208 2091 323 2138 ergo
361 2073 629 2123 concilium
669 2091 905 2138 magnum
943 2074 1230 2138 primosque
1266 2092 1469 2125 suorum

208 2155 416 2219 imperio
452 2155 637 2205 accitos
674 2158 772 2204 alta
810 2155 937 2204 intra
974 2155 1145 2205 limina
1180 2157 1324 2220 cogit.
1810 2177 1886 2217 235

208 2238 290 2287 olli
329 2255 606 2298 convenere
643 2239 904 2301 fluuntque
941 2240 1005 2286 ad
1043 2238 1174 2301 regia
1208 2238 1367 2302 plenis

208 2327 339 2367 tecta
374 2318 477 2367 viis.
553 2320 694 2368 sedet
730 2319 781 2367 in
819 2319 996 2368 mediis
1034 2329 1083 2368 et
1120 2319 1362 2368 maximus
1399 2337 1522 2369 aevo

209 2409 257 2449 et
292 2400 479 2464 primus
520 2400 723 2464 sceptris
762 2402 897 2449 haud
934 2402 1062 2450 laeta
1097 2403 1258 2450 fronte
1295 2400 1514 2450 Latinus.

208 2491 356 2545 atque
393 2481 474 2530 hic
511 2484 697 2546 legatos
734 2483 915 2531 Aetola
951 2499 1010 2531 ex
1045 2482 1167 2531 urbe
1204 2482 1434 2532 remissos

210 2579 337 2625 quae
373 2564 584 2612 referant
621 2563 709 2611 fari
745 2563 896 2622 iubet,
937 2573 986 2612 et
1021 2580 1258 2627 responsa
1293 2563 1507 2626 reposcit
1807 2583 1887 2626 240

210 2643 383 2693 ordine
421 2653 601 2693 cuncta
637 2661 740 2693 suo.
816 2653 921 2692 tum
958 2646 1087 2693 facta
1123 2644 1317 2694 silentia
1352 2643 1544 2708 linguis,

210 2734 258 2774 et
294 2727 519 2775 Venulus
558 2725 694 2775 dicto
730 2742 907 2789 parens
944 2725 1011 2774 ita
1047 2725 1190 2775 farier
1225 2725 1364 2774 infit:

282 2807 554 2866 ‘Vidimus,
596 2825 626 2856 o
663 2807 806 2867 cives,
850 2806 1153 2856 Diomedem
1189 2806 1471 2870 Argivaque
1507 2815 1676 2865 castra,

267 2949 455 2986 212-243
476 2936 607 2976 MPR
774 2950 852 2986 214
881 2937 1008 2988 longe
1028 2937 1074 2976 bc
1085 2937 1233 2989 probat
1245 2936 1364 2977 Serv.
1476 2950 1557 2976 220
1586 2933 1711 2987 haec]
1734 2940 1776 2974 et
1797 2932 1883 2986 ΡὟι

213 3003 291 3040 224
321 2990 478 3042 virum]
499 2992 623 3031 simul
645 2990 709 3029 M¹
823 3005 904 3042 230
924 2993 1153 3042 petendam
1174 2991 1356 3043 M¹PR7
1464 2991 1546 3039 236
1567 2995 1779 3040 ruuntque
1794 2988 1884 3027 Μὸι

212 3057 294 3092 243
326 3045 580 3086 Diomedem
600 3046 835 3086 deteriores:
867 3047 1108 3086 Diomeden
1129 3046 1291 3097 MPR7
1310 3061 1319 3085 ε
1351 3045 1559 3084 Diomede
1579 3043 1685 3084 a²b²c
