2014 3372
189 157 241 205 P.
282 157 582 205 VERGILI
622 156 947 205 MARONIS

259 299 456 346 Interea
492 296 671 360 biiugis
710 296 855 345 infert
891 313 944 346 se
981 299 1211 362 Lucagus
1247 297 1373 347 albis
1785 316 1865 361 575

188 377 239 426 in
267 377 470 427 medios
507 380 753 441 fraterque
790 377 965 441 Liger3
1013 379 1103 426 sed
1138 380 1284 427 frater
1311 378 1527 427 habenis

190 460 342 509 flectit
379 477 549 524 equos,
589 459 814 508 strictum
850 469 978 509 rotat
1013 476 1126 509 acer
1163 462 1391 524 Lucagus
1429 477 1613 509 ensem.

190 542 325 590 haud
362 540 472 589 tulit
507 543 705 589 Aeneas
742 549 881 589 tanto
917 542 1106 589 fervore
1141 540 1378 589 furentis:

190 620 338 669 inruit
373 622 679 684 adversaque
715 620 889 684 ingens
925 619 1153 684 apparuit
1188 621 1342 669 hasta.

189 702 269 751 cui
307 702 480 765 Liger:
1789 710 1869 761 580

168 786 327 832 ·‘non
355 782 617 832 Diomedis
655 800 811 847 equos
847 800 942 832 nec
979 800 1177 832 currum
1214 782 1374 832 cernis
1412 781 1597 831 Achilli

189 875 274 915 aut
310 866 550 929 Phrygiae
587 883 825 930 campos:
869 883 1003 915 nunc
1039 865 1158 915 belli
1194 864 1305 913 finis
1343 873 1391 913 et
1427 863 1535 913 aevi

190 947 266 996 his
303 947 501 996 dabitur
537 947 705 996 terris.'
775 964 959 997 vesano
996 947 1111 997 talia
1146 949 1244 995 late

189 1029 322 1078 dicta
358 1031 526 1079 volant
564 1029 738 1094 Ligeri.
815 1031 903 1079 sed
939 1047 1043 1078 non
1079 1038 1129 1078 et
1164 1028 1343 1078 Troius
1380 1030 1526 1077 heros

188 1110 321 1159 dicta
356 1120 494 1174 parat
531 1120 715 1171 contra,
756 1110 975 1160 iaculum
1011 1128 1128 1159 nam
1164 1118 1361 1173 torquet
1396 1109 1448 1157 in
1485 1108 1654 1158 hostis.
1787 1118 1866 1170 585

189 1197 417 1259 Lucagus
454 1205 509 1245 ut
544 1213 731 1259 pronus
768 1198 994 1259 pendens
1031 1196 1083 1244 in
1119 1196 1323 1244 verbera
1359 1196 1459 1243 telo

188 1277 450 1326 admonuit
486 1277 693 1341 biiugos,
735 1277 957 1341 proiecto
993 1279 1116 1326 dum
1153 1278 1283 1341 pede
1318 1277 1460 1324 laevo

188 1367 325 1421 aptat
362 1375 414 1407 se
450 1375 660 1423 pugnae,
701 1358 834 1407 subit
871 1375 981 1407 oras
1019 1360 1160 1407 hasta
1195 1375 1282 1422 per
1317 1357 1442 1406 imas

187 1440 419 1504 fulgentis
458 1440 616 1503 clipei,
658 1449 764 1488 tum
802 1442 999 1489 laevum
1034 1442 1250 1503 perforat
1284 1438 1469 1502 inguen
1492 1450 1519 1488 ι’

188 1538 422 1571 excussus
460 1538 603 1570 curru
641 1520 970 1570 moribundus
1007 1520 1218 1569 volvitur
1253 1520 1392 1569 arvis.
1788 1540 1869 1581 590

188 1622 339 1668 quem
375 1604 486 1668 pius
523 1607 721 1653 Aeneas
759 1603 905 1653 dictis
940 1605 1136 1653 adfatur
1170 1603 1383 1652 amaris:

192 1689 432 1750 ‘Lucage,
473 1688 609 1735 nulla
645 1695 758 1735 tuos
795 1702 964 1734 currus
1000 1687 1116 1749 fuga
1152 1684 1315 1748 segnis
1352 1700 1595 1747 equorum

186 1769 405 1834 prodidit
441 1778 526 1817 aut
562 1785 718 1817 vanae
754 1777 942 1817 vertere
978 1785 1038 1817 ex
1073 1766 1300 1816 hostibus
1337 1766 1572 1815 umbrae:

187 1852 293 1916 ipse
328 1851 446 1901 rotis
483 1850 663 1900 saliens
700 1851 814 1914 iuga
849 1849 1064 1899 deseris.’
1136 1851 1260 1898 haec
1295 1848 1527 1897 ita-fatus

186 1933 387 1996 arripuit
423 1932 651 1996 biiugos3
699 1934 844 1980 frater
881 1931 1119 1981 tendebat
1154 1930 1322 1979 inertis
1787 1950 1864 1992 595

186 2014 356 2064 infelix
390 2016 581 2077 palmas
619 2030 764 2062 curru
802 2015 1035 2075 delapsus
1072 2013 1284 2061 eodem:

190 2101 303 2160 ‘per
338 2105 399 2156 te,
440 2112 527 2159 per
552 2095 637 2158 qui
675 2103 723 2143 te
759 2096 910 2143 talem
947 2110 1161 2157 genuere
1196 2100 1439 2156 parentes,

185 2178 257 2227 vir
292 2177 521 2237 Troiane,
562 2177 667 2226 sine
704 2178 834 2225 hanc
870 2175 1089 2224 animam
1126 2184 1174 2224 et
1205 2174 1440 2227 miserere
1475 2172 1751 2237 precantis.'

184 2259 407 2323 pluribus
444 2259 604 2308 oranti
640 2262 870 2307 Aeneas:
913 2259 1078 2306 ‘haud
1115 2256 1229 2305 talia
1265 2258 1458 2306 dudum

184 2341 318 2390 dicta
354 2342 521 2390 dabas.
598 2358 789 2390 morere
827 2349 875 2389 et
913 2341 1110 2388 fratrem
1147 2356 1210 2387 ne
1246 2340 1418 2387 desere
1454 2340 1628 2386 frater.'
1784 2345 1865 2385 600

185 2431 292 2471 tum
328 2423 539 2472 latebras
576 2422 772 2470 animae
810 2430 985 2485 pectus
1025 2436 1263 2469 mucrone
1298 2418 1520 2468 recludit.

185 2503 299 2552 talia
335 2520 422 2567 per
457 2520 660 2566 campos
699 2504 880 2552 edebat
916 2504 1088 2551 funera
1123 2503 1301 2550 ductor

186 2584 467 2634 Dardanius
504 2585 731 2634 torrentis
770 2601 931 2648 aquae
968 2586 1046 2633 vel
1083 2582 1291 2632 turbinis
1327 2582 1419 2631 atri

186 2683 323 2715 more
359 2667 537 2715 furens.
615 2667 819 2715 tandem
859 2675 1126 2729 erumpunt
1163 2674 1211 2714 et
1249 2673 1406 2713 castra
1441 2663 1726 2726 relinquunt

185 2747 429 2796 Ascanius
466 2765 588 2811 puer
626 2757 675 2797 et
713 2747 1018 2812 nequiquam
1056 2749 1260 2797 obsessa
1295 2747 1537 2801 iuventus.
1781 2753 1860 2804 605

255 2831 503 2879 Iunonem
541 2830 728 2879 interea
765 2831 1032 2892 compellat
1072 2829 1295 2892 Iuppiter
1330 2830 1489 2877 ultro:

240 2960 432 3009 575-606
472 2958 604 2997 MPR
880 2970 960 3009 575
991 2958 1100 3008 bigis
1128 2957 1212 3010 Ργι
1370 2969 1374 2972 ’
1434 2959 1512 3008 585
1542 2957 1711 2996 hostem
1743 2954 1862 2995 Mbrr²

184 3013 262 3062 587
295 3014 473 3053 traiecto
495 3014 548 3051 M
655 3014 736 3062 588
757 3018 876 3063 aptet
896 3012 981 3064 P7¹
992 3014 1177 3063 sortasse
1198 3018 1291 3052 recte
1402 3025 1481 3062 595
1503 3011 1677 3050 inermis
1697 3009 1803 3062 P¹7²
