2020 3372
234 140 286 187 P.
328 140 627 188 VERGILI
668 140 993 189 MARONIS

337 290 510 343 captus
546 297 715 329 amore
750 282 892 344 leget,
931 290 981 330 te
1016 290 1226 341 nostrae,
1253 283 1398 341 Vare,
1436 279 1663 343 myricae,
1858 300 1908 329 10

336 371 386 410 te
418 378 594 409 nemus
628 378 779 409 omne
812 371 957 410 canet
965 380 979 422 3
1015 379 1108 411 nec
1142 363 1350 411 Phoebo
1382 361 1562 424 gratior
1594 363 1695 410 ulla
1725 371 1800 412 est

337 460 488 506 quam
524 442 619 491 sibi
655 459 783 506 quae
807 443 926 492 Vari
961 443 1272 507 praescripsit
1307 443 1488 507 pagina
1523 460 1722 492 nomen.
1784 461 1789 464 ’

405 524 611 588 Pergite,
640 525 872 574 Pierides,
914 525 1145 575 Chromis
1182 535 1231 574 et
1266 527 1542 588 Mnasyllus
1574 525 1626 573 in
1658 535 1801 575 antro

337 605 559 654 Silenum
595 605 734 668 pueri
771 623 950 655 somno
985 606 1153 655 videre
1188 606 1448 666 iacentem,

335 686 560 735 inflatum
597 688 831 736 hesterno
866 705 1030 747 venas,
1069 697 1124 736 ut
1161 704 1368 750 semper,
1409 689 1593 735 Iaccho
1602 706 1616 748 3
1859 708 1906 747 15

335 778 463 816 serta
498 770 671 830 procul
707 777 901 816 tantum
937 767 1087 831 capiti
1123 770 1326 831 delapsa
1361 767 1602 827 iacebant,

335 859 384 897 et
419 849 576 912 gravis
612 849 776 898 attrita
810 850 1064 912 pendebat
1100 851 1364 898 cantharus
1399 866 1532 899 ansa.

334 929 552 993 adgressi
589 930 727 994 (nam
764 947 911 993 saepe
948 947 1098 979 senex
1134 947 1221 993 spe
1257 930 1487 979 carminis
1522 931 1673 979 ambo

336 1010 537 1075 luserat)
575 1010 783 1060 iniciunt
819 1011 937 1074 ipsis
974 1029 1034 1060 ex
1061 1011 1266 1060 'vincula
1301 1011 1453 1060 sertis.
1884 1068 1887 1069 ⁷

335 1092 476 1141 addit
512 1110 565 1141 se
602 1092 789 1142 sociam
825 1093 1112 1156 timidisque
1149 1093 1430 1156 supervenit
1466 1094 1636 1155 Aegle,
1859 1113 1910 1142 20

335 1176 492 1237 Aegle
526 1174 778 1223 Naiadum
815 1175 1159 1237 pulcherrima,
1198 1174 1406 1237 iamque
1433 1173 1622 1222 videnti

335 1255 616 1318 sanguineis
653 1258 868 1304 frontem
905 1256 1055 1305 moris
1092 1265 1141 1304 et
1178 1266 1403 1318 tempora
1437 1254 1607 1318 pingit.

334 1337 415 1386 ille
452 1338 626 1385 dolum
662 1337 828 1386 ridens
868 1342 997 1401 ‘quo
1033 1337 1231 1386 vincula
1267 1335 1527 1385 nectitis?'
1563 1334 1735 1400 inquit.

338 1418 539 1467 ‘solvite
576 1436 670 1479 me,
709 1419 849 1482 pueri
865 1438 878 1480 3
921 1418 1036 1468 satis
1074 1428 1148 1468 est
1183 1418 1404 1481 potuisse
1439 1416 1607 1466 videri.

336 1500 555 1550 carmina
591 1518 719 1564 quae
754 1501 900 1549 vultis
937 1500 1255 1565 cogno'scite3
1291 1498 1509 1549 carmina
1543 1498 1700 1559 vobis,
1858 1519 1907 1559 25

335 1583 452 1632 huic
487 1583 623 1632 aliud
659 1584 901 1633 mercedis
939 1584 1058 1633 erit.'
1095 1583 1241 1632 simul
1277 1581 1450 1645 incipit
1486 1581 1605 1644 ipse.

335 1675 442 1712 tum
478 1682 594 1713 vero
630 1664 681 1712 in
717 1682 978 1714 numerum
1019 1668 1318 1727 Faunosque
1354 1665 1581 1725 ferasque
1616 1661 1807 1711 videres

334 1749 518 1807 ludere,
558 1757 664 1796 tum
700 1747 880 1812 rigidas
917 1757 1106 1796 motare
1142 1746 1402 1796 cacumina
1438 1761 1648 1808 quercus
1665 1763 1680 1806 ,·

334 1845 428 1877 nec
465 1838 657 1877 tantum
695 1830 904 1878 Phoebo
939 1830 1123 1892 gaudet
1159 1827 1391 1876 Parnasia
1427 1843 1588 1890 rupes,

335 1926 428 1958 nec
454 1919 646 1958 tantum
674 1911 926 1972 Rhodope
957 1910 1158 1958 miratur
1183 1919 1231 1958 et
1258 1911 1474 1957 Ismarus
1501 1908 1714 1970 Orphea.
1855 1927 1909 1965 30

404 1992 638 2053 Namque
674 1991 885 2039 canebat
922 1991 992 2040 uti
1029 2008 1264 2054 magnum
1297 2007 1385 2054 per
1417 1990 1564 2038 inane
1600 1997 1773 2038 coacta

336 2071 527 2120 semina
562 2081 899 2135 terrarumque
934 2071 1229 2135 animaeque
1266 2072 1513 2135 marisque
1548 2070 1756 2119 fuissent

335 2161 384 2200 et
420 2151 595 2215 liquidi
632 2152 778 2200 simul
814 2152 939 2215 ignis
957 2171 971 2213 3
1009 2162 1062 2201 ut
1099 2153 1175 2201 his
1215 2153 1414 2201 exordia
1450 2151 1619 2215 primis

336 2232 505 2280 omnia
541 2242 590 2280 et
625 2232 731 2296 ipse
767 2243 905 2281 tener
941 2233 1117 2282 mundi
1155 2233 1458 2282 concreverit
1494 2232 1661 2292 orbis;

336 2324 443 2362 tum
480 2316 655 2363 durare
692 2318 853 2364 solum
890 2325 939 2364 et
975 2315 1253 2365 discludere
1293 2317 1454 2364 Nerea
1490 2324 1645 2378 ponto
1856 2333 1905 2374 35

336 2395 555 2458 coeperit
591 2405 639 2444 et
675 2413 837 2445 rerum
873 2396 1110 2459 paulatim
1149 2413 1342 2445 sumere
1378 2398 1559 2445 formas
1577 2414 1591 2456 3

336 2476 536 2539 iamque
572 2494 758 2526 novum
795 2487 949 2526 terrae
987 2487 1216 2540 stupeant
1252 2480 1499 2526 lucescere
1536 2478 1706 2535 solem,

335 2557 480 2607 altius
516 2567 666 2622 atque
702 2561 883 2608 cadant
920 2559 1180 2608 summotis
1217 2558 1433 2607 nubibus
1470 2558 1651 2606 imbres
1669 2575 1683 2618 3

337 2638 576 2702 incipiant
612 2640 761 2689 silvae
798 2658 913 2689 cum
950 2641 1164 2704 primum
1202 2657 1411 2704 surgere,
1451 2656 1666 2702 cumque

294 2781 421 2809 1o·21
444 2770 569 2809 PRV
580 2785 589 2818 ;
620 2783 758 2821 22-39
778 2770 860 2809 PR
1032 2784 1082 2810 10
1110 2771 1226 2820 legat
1256 2785 1299 2808 m
1319 2770 1559 2809 Pn'scimus
1725 2781 1777 2818 23
1807 2767 1905 2806 inri-

237 2825 343 2863 dens
363 2823 422 2862 P2
589 2839 643 2874 30
673 2827 880 2865 mirantur
900 2824 1062 2864 Ra¹mrr
1219 2837 1272 2874 33
1303 2826 1480 2863 exordia
1501 2823 1666 2873 primis]
1690 2835 1745 2861 ex
1765 2822 1909 2861 omnia

236 2880 395 2931 primis,
430 2880 544 2930 quod
562 2886 703 2931 postea
734 2882 776 2919 in
805 2880 1080 2918 pinventum
1110 2884 1176 2929 est,
1209 2880 1367 2918 coniecit
1392 2878 1660 2928 Peerlkamp.-
1702 2890 1758 2915 ex
1787 2877 1908 2915 ordia

236 2934 372 2982 prima
393 2934 594 2973 Haberlin
613 2950 622 2974 :
653 2948 709 2973 ex
730 2935 849 2973 ordia
870 2927 1016 2984 primis
1035 2933 1256 2985 Nettlesln'p
1395 2946 1448 2983 34
1479 2930 1710 2972 omnisaP¹
1727 2944 1736 2970 :
1769 2931 1908 2971 omnis

235 2988 385 3027 Kirsch
553 2990 606 3038 38
635 2995 767 3039 utque
788 2989 830 3027 R
1854 2996 1857 2997 ’
