2020 3372
173 122 224 169 P.
268 123 567 172 VERGILI
608 124 933 173 MARONIS

172 272 225 313 D.

170 434 229 473 M.

169 594 218 634 P.

277 265 372 315 Dic
390 265 570 329 quibus
590 265 641 314 in
662 265 919 314 terris—et
943 265 1035 314 eris
1062 268 1184 314 mihi
1210 283 1417 330 magnus
1438 268 1716 330 Apollo—,

274 346 357 395 tris
394 356 560 410 pateat
598 346 737 397 Caeli
774 347 987 410 spatium
1025 364 1127 396 non
1164 347 1378 411 amplius
1412 350 1566 397 ulnas.

276 427 372 476 Dic
403 428 583 491 quibus
621 427 671 476 in
709 427 845 476 terris
882 428 1103 492 inscripti
1139 429 1344 477 nomina
1379 446 1549 492 regum

274 518 538 557 nascantur
574 511 733 569 flores,
771 518 819 558 et
854 509 1080 572 Phyllida
1117 511 1250 558 solus
1287 511 1489 558 habeto.

345 591 463 638 Non
500 598 724 638 nostrum
761 589 887 638 inter
922 606 1009 638 vos
1047 599 1206 638 tantas
1243 607 1544 654 componere
1580 590 1701 640 lites.

273 679 322 718 et
358 669 509 719 vitula
546 680 599 719 tu
636 671 815 734 dignus
853 680 901 719 et
938 671 1038 720 hic:
1078 681 1127 720 et
1164 671 1385 735 quisquis
1423 689 1615 721 amores

274 752 409 800 haud
447 760 635 800 metuet
671 751 844 812 dulcis,
884 753 1020 801 haud
1057 752 1330 816 experietur
1365 769 1571 802 amaros.

273 832 489 882 claudite
525 832 624 882 iam
661 833 804 893 riVOS‚
841 834 980 897 pueri
990 852 1003 895 3
1046 843 1120 882 sat
1156 844 1294 897 prata
1330 834 1573 883 biberunt.

813 1069 1098 1119 ECLOGA
1137 1071 1211 1118 IV

341 1199 617 1247 SICELIDEs
656 1200 847 1259 Musae,
887 1201 1036 1262 paulo
1075 1199 1260 1248 maiora
1297 1204 1557 1249 canamus!

272 1296 375 1337 non
413 1279 574 1328 omnis
611 1280 811 1328 arbusta
847 1280 1016 1329 iuvant
1053 1280 1366 1344 humilesque
1404 1282 1617 1344 myricae

272 1359 312 1409 si
350 1360 573 1409 canimus
612 1360 770 1420 silvas,
812 1360 960 1409 silvae
998 1361 1094 1410 sint
1131 1363 1336 1410 consule
1373 1362 1567 1425 dignae.

344 1441 533 1491 Vltima
570 1441 778 1491 Cumaei
815 1442 949 1491 venit
985 1442 1083 1491 iam
1121 1442 1349 1492 carminis
1386 1453 1520 1492 aetas
1538 1462 1551 1504 ,·

274 1542 481 1589 magnus
519 1526 582 1574 ab
619 1525 810 1588 integro
848 1528 1121 1574 saeclorum
1160 1526 1375 1574 nascitur
1412 1527 1548 1575 ordo.

273 1607 371 1656 iam
408 1607 534 1656 redit
571 1616 619 1655 et
656 1606 804 1670 virgo,
845 1609 1053 1656 redeunt
1092 1607 1318 1656 Saturnia
1354 1624 1516 1670 regna,

275 1690 374 1739 iam
411 1707 541 1739 nova
577 1690 836 1754 progenies
875 1693 1013 1740 caelo
1053 1690 1326 1740 demittitur
1362 1693 1475 1739 alto.

274 1781 326 1821 tu
364 1774 517 1821 modo
556 1772 778 1820 nascenti
816 1789 982 1835 puero,
1023 1789 1122 1835 quo
1161 1774 1315 1820 ferrea
1352 1771 1565 1834 primum

274 1852 468 1902 desinet
505 1870 563 1901 ac
601 1862 707 1901 toto
746 1862 908 1916 surget
946 1870 1065 1915 gens
1104 1870 1251 1901 aurea
1289 1854 1493 1911 mundo,

273 1943 408 1983 casta
443 1935 551 1982 fave
591 1933 800 1982 Lucina:
842 1943 954 1982 tuus
993 1934 1090 1982 iam
1129 1943 1298 1997 regnat
1335 1935 1531 1996 Apollo.

272 2024 421 2078 teque
458 2016 585 2063 adeo
623 2016 776 2063 decus
814 2016 911 2063 hoc
948 2014 1069 2074 aevi,
1110 2023 1159 2062 te
1197 2016 1413 2073 consule,
1453 2013 1608 2073 inibit,

273 2095 446 2156 Pollio,
488 2105 536 2144 et
572 2095 810 2159 incipient
848 2095 1013 2158 magni
1051 2097 1319 2159 procedere
1358 2111 1552 2143 menses
1572 2113 1585 2155 ,-

273 2185 322 2225 te
359 2179 500 2236 duce,
541 2177 580 2225 si
618 2194 716 2239 qua
752 2186 955 2225 manent
994 2176 1187 2237 sceleris
1226 2175 1429 2238 vestigia
1466 2174 1632 2235 nostri,

272 2258 417 2307 inrita
453 2268 690 2322 perpetua
726 2261 917 2308 solvent
955 2258 1219 2308 formidine
1256 2267 1418 2306 terras.

273 2339 355 2389 ille
392 2342 541 2389 deum
579 2340 731 2389 vitam
767 2341 976 2404 accipiet
1014 2340 1240 2403 divisque
1276 2339 1464 2389 videbit

274 2420 541 2485 permixtos
578 2423 753 2470 heroas
792 2432 839 2470 et
875 2422 981 2485 ipse
1018 2420 1265 2470 videbitur
1300 2420 1408 2479 illis,

233 2564 415 2600 104-111
439 2551 482 2589 R
610 2564 686 2601 105
708 2552 824 2591 Caeli
843 2552 972 2591 voluit
976 2557 1108 2602 poeta,
1127 2555 1219 2589 teste
1233 2549 1414 2588 Asconio
1430 2563 1437 2587 :
1461 2548 1566 2588 caeli
1587 2549 1664 2588 alii

1749 360 1753 363 ’
1771 368 1846 408 105

1769 771 1849 800 110

1801 1953 1850 1981 10

1801 2359 1848 2399 Ι5

1773 2562 1851 2588 110

174 2606 286 2645 haud
305 2637 315 2648 .
338 2637 346 2646 .
363 2636 371 2645 .
395 2607 507 2645 haud
524 2606 695 2645 Graser:
729 2613 802 2646 aut
824 2636 832 2645 .
854 2637 861 2646 .
880 2637 888 2646 .
913 2612 986 2645 aut
1008 2605 1136 2656 codd.,
1155 2605 1286 2653 Serv„
1305 2604 1519 2642 scholiasta
1538 2603 1664 2642 Bern.
1687 2603 1731 2642 in
1752 2603 1849 2642 lem-

175 2665 306 2701 mate:
329 2661 552 2710 quz'autem
566 2661 686 2699 aliud
697 2661 894 2700 invenisse
908 2661 1072 2699 videtur
1092 2663 1101 2680 ‘
1116 2661 1186 2710 qui
1205 2664 1317 2699 amet
1333 2659 1447 2708 quid,
1474 2659 1615 2697 videat
1642 2671 1697 2696 ne
1711 2658 1825 2696 odiat
1838 2658 1849 2673 '

174 2719 212 2753 et
238 2715 297 2753 ‘si
313 2720 475 2754 metuet
497 2716 644 2765 dulcis,
665 2716 911 2765 experietur
934 2727 1113 2758 amaros.
1132 2716 1198 2754 sin
1221 2721 1359 2753 autem
1384 2726 1469 2751 non
1484 2717 1647 2751 metuet
1667 2724 1846 2762 amaros,

176 2770 423 2819 experietur
454 2770 611 2809 dulcis'
635 2771 942 2821 interpretatus:
987 2771 1071 2808 hau
1103 2774 1265 2808 temnet
1299 2767 1443 2813 dulcis,
1468 2767 1570 2806 haut
1601 2767 1849 2816 experietur

176 2837 342 2863 amaros
363 2825 561 2864 Ribbeck:
592 2825 706 2864 haud
728 2830 903 2872 metuet,
927 2824 1062 2862 dulcis
1083 2830 1154 2862 aut
1177 2823 1423 2874 experietur
1444 2833 1611 2860 amaros
1637 2820 1822 2871 Wagner

234 2879 304 2917 IV.
354 2881 459 2917 1-16
478 2879 521 2917 R
763 2891 784 2927 7
816 2878 1040 2917 dimittitur
1061 2878 1104 2916 R
1248 2890 1296 2915 12
1329 2874 1487 2926 Pollio]
1507 2875 1622 2915 orbis
1643 2874 1847 2925 Schaper:

176 2933 264 3026 aide
301 2947 404 2983 quae
435 2934 482 2972 de
510 2937 752 2985 argumento
776 2933 900 2972 huius
922 2933 1124 2985 poematis
1153 2933 1196 2972 in
1225 2930 1434 2982 Symbolis
1462 2928 1714 2969 Ioacltz'micis
1742 2929 1767 2967 i.
1801 2940 1850 2979 15

204 2988 399 3041 isputavit
