2014 3372
1406 175 1766 225 AENEIDOS
1803 175 1852 223 X

184 329 277 361 ηερ
315 315 529 363 Rutulos
564 315 715 363 solvo,
790 330 879 363 sua
915 313 1096 378 cuique
1132 330 1303 363 exorsa
1337 314 1557 363 laborem

182 396 529 458 fortunamque
564 396 732 444 ferent.
806 412 889 444 rex
927 395 1149 459 Iuppiter
1184 395 1416 445 omnibus
1451 395 1598 445 idem.

182 477 280 524 fata
314 475 445 525 viam
481 476 763 525 invenient.'
834 476 985 540 Stygii
1021 494 1108 540 per
1143 477 1349 526 flumina
1383 477 1553 536 fratris,

180 574 267 620 per
302 557 412 621 pice
448 558 674 608 torrentis
710 568 912 622 atraque
948 558 1179 621 voragine
1215 558 1343 622 ripas

179 639 353 688 adnuit
389 650 438 688 et
473 650 633 689 totum
670 650 794 688 nutu
830 640 1102 689 tremefecit
1139 642 1422 704 Olympum.

179 719 260 768 hic
296 721 407 769 finis
443 721 592 770 fandi.
667 721 790 771 solio
826 731 931 770 turn
970 721 1193 786 Iuppiter
1226 739 1377 771 aureo

150 802 342 865 surgit,
382 803 644 851 caelicolae
681 802 902 851 medium
939 819 1089 865 quem
1125 805 1189 852 ad
1226 803 1396 851 limina
1438 804 1640 852 ducunt.

249 885 442 931 Interea
480 883 652 931 Rutuli
688 883 840 946 portis
878 884 1063 932 circum
1101 884 1333 933 omnibus
1369 884 1554 932 instant

178 973 392 1013 sternere
428 966 581 1013 caede
618 964 746 1013 viros
783 974 832 1013 et
868 964 1064 1014 moenia
1099 965 1294 1028 cingere
1330 964 1555 1013 flammis.

175 1054 226 1093 at
260 1045 387 1108 legio
419 1047 715 1094 Aeneadum
751 1045 888 1094 vallis
925 1047 1128 1095 obsessa
1162 1055 1357 1095 tenetur

176 1142 270 1175 ηερ
305 1143 416 1189 spes
453 1123 552 1175 ulla
587 1129 743 1190 fugae.
819 1127 982 1176 miseri
1019 1137 1149 1176 stant
1186 1128 1398 1177 turribus
1433 1128 1543 1177 altis

175 1207 478 1270 nequiquam
515 1217 563 1256 et
599 1225 704 1255 rara
739 1225 905 1256 muros
943 1208 1136 1258 cinxere
1173 1226 1357 1258 corona

173 1289 323 1337 Asius
361 1289 662 1337 Imbrasides
703 1289 1131 1353 Hicetaoniusque
1167 1292 1471 1354 Thymoetes

173 1369 501 1433 Assaracique
537 1372 639 1419 duo
675 1379 724 1418 et
760 1369 922 1419 senior
957 1388 1071 1419 cum
1110 1373 1315 1421 Castore
1356 1372 1636 1435 Thymbris‚

172 1450 331 1513 prima
365 1450 495 1499 acies
513 1469 526 1511 3
573 1452 665 1500 hos
700 1451 919 1515 germani
957 1453 1254 1516 Sarpedonis
1290 1454 1441 1503 ambo

172 1540 221 1579 et
258 1533 430 1582 Clarus
467 1541 516 1580 et
552 1534 816 1582 Thaemon
854 1533 1005 1595 Lycia
1041 1534 1340 1583 comitantur
1373 1535 1438 1583 ab
1473 1537 1583 1584 alta.

171 1615 262 1661 fert
298 1613 470 1676 ingens
506 1623 612 1662 toto
649 1614 853 1663 conixus
891 1632 1096 1678 corpore
1133 1633 1317 1675 saxum,

171 1697 306 1745 haud
341 1706 530 1759 partem
567 1696 792 1759 exiguam
829 1697 1025 1757 montis,
1066 1698 1330 1760 Lyrnesius
1366 1701 1577 1758 Acmon,

170 1794 263 1825 nec
300 1777 463 1839 Clytio
499 1777 721 1840 genitore
758 1778 919 1827 minor
955 1796 1048 1827 nec
1083 1780 1228 1828 fratre
1266 1782 1576 1829 Menestheo.

169 1857 220 1905 hi
256 1857 439 1916 iaculis,
481 1858 550 1906 illi
587 1868 775 1907 certant
811 1861 1078 1908 defendere
1115 1860 1240 1909 saxis

169 1938 429 2001 molirique
464 1938 629 2001 ignem
666 1956 917 2002 nervoque
952 1950 1120 2003 aptare
1156 1941 1367 2005 sagittas.

167 2018 273 2082 ipse
309 2019 435 2068 inter
471 2020 675 2079 medios,
715 2021 924 2069 Veneris
960 2020 1225 2070 iustissima
1259 2040 1389 2082 cura,

170 2100 450 2149 Dardanius
489 2111 648 2164 caput,
690 2118 819 2160 ecce,
859 2119 981 2164 puer
1016 2104 1241 2151 detectus
1283 2106 1561 2163 honestum,

168 2181 324 2244 qualis
360 2199 557 2245 gemma
593 2182 742 2231 micat
778 2185 965 2231 fulvum
1004 2201 1132 2247 quae
1168 2184 1344 2233 dividit
1378 2202 1565 2244 aurum,

166 2272 251 2311 aut
286 2265 416 2312 collo
452 2265 605 2312 decus
640 2273 726 2312 aut
761 2264 923 2327 capiti,
962 2267 1040 2313 vel
1077 2267 1222 2328 quale
1258 2283 1345 2329 per
1378 2276 1533 2315 artem

166 2343 411 2392 inclusum
447 2345 581 2394 buxo
616 2355 702 2394 aut
739 2345 904 2395 Oricia
940 2346 1220 2395 terebintho

166 2426 297 2474 lucet
333 2426 455 2475 ebur
470 2445 484 2487 3
531 2429 666 2475 fusos
703 2427 865 2475 cervix
900 2427 980 2476 cui
1015 2430 1173 2476 lactea
1208 2428 1354 2477 crinis

164 2505 343 2569 accipit
378 2516 428 2556 et
463 2507 603 2556 molli
638 2507 938 2556 subnectens
975 2508 1184 2557 circulus
1220 2526 1353 2559 auro.

166 2595 213 2635 te
250 2604 449 2651 quoque
486 2589 830 2652 magnanimae
866 2589 1108 2648 viderunt,
1142 2592 1348 2650 -Ismare,
1389 2600 1559 2655 gentes

163 2670 365 2717 vulnera
400 2669 618 2733 derigere
654 2680 703 2718 et
739 2672 956 2719 calamos
992 2688 1180 2720 armare
1209 2689 1415 2731 veneno,

166 2751 400 2799 Maeonia
434 2768 671 2814 generose
706 2754 874 2812 domo,
913 2752 1000 2801 ubi
1035 2752 1235 2815 pinguia
1270 2755 1403 2802 culta

162 2842 489 2896 exercentque
524 2832 612 2880 viri
650 2835 981 2896 Pactolusque
1015 2833 1190 2897 inrigat
1225 2851 1358 2883 auro.

220 2974 405 3010 111—142
426 2961 557 3000 MPR
731 2976 804 3001 111
840 2963 1043 3014 Rutulos]
1067 2964 1249 3014 populos
1269 2964 1434 3004 Nonius
1453 2964 1622 3004 Ribbeck

159 3028 243 3064 que
263 3014 317 3052 M
319 3015 331 3037 ¹
511 3017 588 3055 126
616 3015 721 3069 alta]
744 3018 817 3056 Ida
837 3017 920 3067 ΡὙ1
1091 3031 1163 3068 137
1195 3019 1338 3058 cervix
1359 3019 1474 3058 susos
1493 3018 1583 3070 P7c

159 3070 372 3108 subnectit
393 3068 460 3107 Ml
608 3084 686 3119 140
714 3071 899 3121 dirigere
920 3071 1062 3124 M7²bc

1773 661 1844 701 115

1770 1067 1846 1096 120

1767 1475 1839 1516 125

1762 1883 1838 1923 130

1758 2288 1831 2330 135

1751 2694 1830 2736 140

1713 2967 1825 3016 quis-

1749 3022 1825 3070 138
