2034 3366
232 148 284 194 P.
327 146 627 194 VERGILI
667 145 992 194 MARONIS

231 285 340 335 avia
375 295 482 334 tum
518 294 751 334 resonant
786 284 959 332 avibus
997 282 1203 346 virgulta
1237 284 1442 344 canoris,

231 377 280 416 et
309 369 558 416 'Venerem
595 365 738 414 certis
775 374 1004 427 repetunt
1040 374 1263 414 armenta
1298 365 1475 414 diebus
1492 383 1507 426 3

231 448 436 512 parturit
472 450 631 496 almus
667 462 782 509 ager
818 445 1129 509 Zephyrique
1165 446 1490 495 trementibus
1526 444 1655 495 auris
1832 464 1911 504 330

231 533 397 578 'laxant
433 546 548 578 arva
584 527 718 576 sinus
737 545 751 588 3
794 536 991 590 superat
1027 536 1167 576 tener
1202 527 1436 577 omnibus
1472 544 1627 587 umor,

231 610 384 673 inque
421 627 578 659 novos
615 611 744 657 soles
780 610 968 657 audent
1006 612 1058 657 se
1094 608 1314 672 gramina
1350 618 1458 658 tuto

231 693 443 750 credere,
485 707 578 739 nec
615 689 790 738 metuit
828 689 1069 753 surgentis
1106 689 1370 752 pampinus
1406 692 1615 738 Austros

229 782 315 821 aut
351 782 519 821 actum
557 773 695 820 caelo
732 770 923 834 magnis
959 770 1295 834 Aquilonibus
1331 770 1554 831 imbrem,

229 856 318 903 sed
356 853 508 902 trudit
543 855 764 916 gemmas
801 861 850 900 et
886 853 1087 900 frondes
1124 851 1332 915 explicat
1368 851 1544 900 omnis.
1825 863 1909 911 ‘335

229 953 331 985 non
369 934 492 983 alios
528 933 686 997 prima
723 932 987 982 crescentis
1025 932 1211 996 origine
1247 932 1423 981 mundi

229 1017 463 1066 inluxisse
501 1016 606 1065 dies
642 1015 855 1064 aliumve
892 1014 1125 1064 habuisse
1162 1024 1385 1064 tenorem

232 1097 556 1148 crediderim:
598 1114 682 1145 ver
717 1096 840 1146 illud
878 1106 992 1156 erat,
1033 1113 1116 1145 ver
1152 1113 1359 1160 magnus
1395 1097 1572 1159 agebat

230 1179 376 1240 orbis,
418 1188 465 1228 et
502 1177 720 1227 hibernis
756 1178 1026 1240 parcebant
1062 1178 1260 1226 flatibus
1298 1176 1430 1237 Euri,

231 1279 346 1311 curn
383 1260 571 1324 primae
607 1262 769 1308 lucem
807 1261 1026 1322 pecudes
1063 1261 1283 1318 hausere,
1322 1258 1580 1321 virumque
1829 1277 1910 1318 340

230 1352 387 1391 terrea
423 1340 681 1405 progenies
720 1339 853 1389 duris
891 1349 1039 1403 caput
1076 1339 1246 1388 extulit
1281 1339 1420 1398 arvis,

230 1423 582 1486 immissaeque
619 1424 749 1471 ferae
787 1421 918 1470 silvis
956 1431 1004 1470 et
1041 1421 1201 1470 sidera
1238 1423 1388 1470 caelo.

230 1522 323 1554 nec
361 1521 435 1553 res
472 1506 607 1552 hunc
643 1513 841 1552 tenerae
877 1511 1082 1566 possent
1117 1504 1328 1566 perferre
1363 1502 1600 1561 laborem,

231 1587 271 1635 si
308 1604 410 1635 non
447 1595 584 1634 tanta
619 1584 759 1648 quies
795 1583 885 1632 iret
921 1584 1171 1646 frigusque
1207 1585 1522 1646 caloremque
1880 1638 1884 1641 ,

228 1669 368 1728 inter,
410 1677 458 1717 et
496 1667 741 1730 exciperet
777 1665 901 1714 caeli
937 1664 1246 1728 indulgentia
1281 1673 1443 1713 terras.
1829 1685 1907 1725 345

301 1752 455 1813 Quod
493 1758 728 1813 superest,
772 1765 1118 1811 quaecumque
1154 1763 1348 1811 premes
1385 1746 1591 1810 virgulta
1625 1763 1714 1810 per
1749 1762 1891 1810 agros

230 1849 402 1895 sparge
439 1833 559 1879 fimo
596 1828 766 1893 pingui
802 1838 851 1877 et
888 1830 1042 1876 multa
1079 1845 1270 1876 memor
1305 1829 1478 1876 occule
1514 1836 1653 1886 terra,

228 1923 313 1963 aut
349 1912 566 1976 lapidem
604 1911 832 1960 bibulum
868 1919 953 1959 aut
989 1909 1258 1973 squalentis
1294 1909 1465 1958 infode
1501 1909 1747 1957 conchas:

227 1996 355 2044 inter
392 1993 525 2043 enirn
561 1994 790 2041 labentur
825 2008 998 2054 aquae,
1038 1990 1301 2052 tenuisque
1337 1988 1522 2037 subibit

228 2076 424 2135 halitus,
451 2084 601 2138 atque
634 2073 828 2122 animos
861 2074 1036 2121 tollent
1052 2080 1185 2120 sata.
1259 2071 1459 2134 iamque
1491 2069 1670 2133 reperti
1829 2090 1908 2130 35¹0

228 2157 313 2220 qui
351 2174 468 2205 saxo
506 2172 653 2218 super
687 2163 836 2217 atque
872 2153 1084 2216 ingentis
1119 2153 1342 2215 pondere
1378 2160 1532 2200 testae

229 2246 486 2302 urgerent:
524 2238 621 2285 hoc
659 2237 841 2284 effusos
879 2233 1136 2282 munimen
1171 2234 1237 2282 ad
1272 2232 1456 2292 imbris,

228 2322 339 2378 hoc,
380 2318 466 2367 ubi
503 2318 668 2367 hiulca
705 2316 783 2366 siti
820 2316 965 2365 findit
1002 2315 1153 2366 Canis
1189 2314 1384 2363 aestifer
1419 2331 1546 2362 arva.

298 2400 582 2450 Seminibus
619 2398 791 2463 positis
829 2406 1051 2461 superest
1087 2396 1324 2446 diducere
1359 2405 1537 2444 terram

143 2571 145 2573 .
282 2532 471 2581 328-351
515 2529 669 2571 MPR:
721 2540 910 2579 352-354
952 2526 1131 2566 MPRV
1419 2538 1501 2574 330
1529 2525 1818 2577 zephyrisque
1857 2521 1914 2563 M

225 2586 511 2626 trementibus
540 2584 719 2634 PR7hc3
753 2584 800 2632 cf.
835 2584 940 2621 Hor.
967 2583 1106 2621 Carm.
1140 2582 1166 2621 i.
1190 2594 1256 2630 23.
1289 2582 1398 2630 5—6:
1426 2580 1733 2618 ‘trementibus
1751 2578 1821 2618 vel
1842 2585 1905 2618 te·-

226 2640 449 2691 pentibus'
473 2639 592 2677 sclzol.
618 2638 771 2677 Bern.:
806 2637 1050 2687 tepentibus
1071 2635 1125 2674 M
1152 2636 1318 2674 editores
1522 2646 1603 2682 332
1632 2633 1826 2682 gramine
1838 2632 1901 2672 P:

226 2695 420 2745 germina
450 2692 546 2732 MS.
571 2691 614 2731 F
611 2691 757 2742 abricii,
785 2691 943 2742 Regius
973 2691 1288 2730 Londim'ensis:
1343 2687 1565 2740 Vergilium
1595 2687 1786 2736 germina
1817 2687 1903 2726 reli-

227 2749 370 2800 quisse,
397 2752 558 2786 anctore
580 2746 708 2795 Celso,
731 2751 879 2784 narrat
896 2745 1190 2796 Philargyrz‘us
1391 2744 1471 2792 336
1499 2743 1715 2781 nascentis
1737 2741 1907 2791 Bentley

227 2817 309 2854 339
330 2802 499 2841 hiberni
517 2801 570 2839 M
664 2814 742 2850 341
767 2806 908 2838 terrea
922 2799 973 2837 M
976 2798 990 2819 '²
1003 2799 1263 2849 Lactantius,
1281 2797 1396 2837 Serv.
1411 2796 1700 2847 Philargyn‘us
1710 2794 1902 2845 Bentley:

227 2859 366 2897 ferrea
387 2855 643 2906 M¹PR7bcn
801 2867 882 2904 343
913 2854 1093 2893 sufferre
1123 2852 1190 2889 M·
1323 2864 1402 2900 344
1434 2851 1635 2899 calorque
1664 2848 1907 2899 Pagnosaz

229 2911 517 2963 Philargyrius
657 2921 733 2959 351
767 2909 929 2958 ingenti
956 2908 1008 2946 M
1013 2907 1020 2928 ¹
1043 2907 1208 2945 Nonius
1350 2918 1430 2955 353
1461 2904 1633 2945 evicasti
1665 2901 1717 2942 M
1723 2902 1764 2941 ¹:
1798 2902 1906 2941 unde

229 2968 342 3005 victa
376 2967 442 3004 siti
464 2965 649 3015 Schaper
774 2962 929 3002 scindit
949 2961 992 3000 P
