2020 3372
1326 145 1746 194 GEORGICON
1787 145 1811 192 I

140 287 221 336 hic
258 295 461 349 segetes,
498 284 598 333 illic
632 283 839 333 veniunt
873 282 1063 333 felicius
1099 300 1238 343 uvae,

139 368 332 417 arborei
367 369 495 416 fetus
530 366 662 426 alibi,
701 375 851 430 atque
886 365 1072 414 iniussa
1107 366 1354 414 virescunt
1758 386 1810 426 55

139 449 372 512 gramina.
411 465 580 497 nonne
614 447 767 507 vides,
806 464 1007 496 croceos
1043 456 1098 495 ut
1130 449 1339 496 Tmolus
1376 448 1568 506 odores,

142 530 288 579 India
323 529 472 578 mittit
508 530 643 588 ebur,
682 530 856 577 molles
894 545 982 576 sua
1017 537 1125 576 tura
1160 528 1352 587 Sabaei,

139 621 189 660 at
226 611 474 673 Chalybes
511 610 634 658 nudi
669 612 864 668 ferrum,
902 608 1162 672 virosaque
1198 611 1388 657 Pontus

140 702 375 752 castorea,
416 691 648 740 Eliadum
686 693 874 755 palmas
913 690 1092 753 Epirus
1129 693 1405 753 equarum?

139 773 377 822 continuo
414 775 502 821 has
538 775 670 836 leges
705 781 1004 835 aeternaque
1040 773 1241 820 foedera
1277 771 1420 820 certis
1757 779 1810 820 60

139 855 375 918 imposuit
411 864 584 903 natura
619 853 753 913 locis,
794 870 895 917 quo
931 863 1154 916 tempore
1189 853 1405 915 primum

141 937 420 986 Deucalion
456 952 667 984 vacuum
704 934 893 998 lapides
930 934 1127 983 iactavit
1162 934 1214 982 in
1251 935 1438 994 orbem,

138 1019 274 1066 unde
309 1017 537 1066 homines
574 1016 690 1076 nati,
730 1018 909 1065 durum
944 1033 1114 1079 genus.
1155 1032 1270 1080 ergo
1307 1032 1409 1079 age,
1451 1025 1606 1064 terrae

138 1099 320 1162 pingue
356 1101 518 1148 solum
553 1098 722 1162 primis
758 1100 1007 1162 externplo
1043 1115 1072 1146 a
1108 1098 1362 1146 mensibus
1397 1098 1516 1146 anni

138 1182 287 1229 fortes
323 1180 566 1228 invertant
602 1179 739 1238 tauri,
779 1179 1078 1242 glaebasque
1114 1178 1320 1227 iacentis
1756 1187 1807 1238 65

138 1263 479 1324 pulverulenta
514 1269 697 1323 coquat
733 1259 934 1308 maturis
971 1259 1159 1308 solibus
1195 1269 1354 1307 aestas
1364 1278 1377 1319 3

138 1351 188 1390 at
225 1341 264 1389 si
300 1359 402 1390 non
438 1341 582 1389 fuerit
618 1343 761 1389 tellus
797 1342 1026 1399 fecunda,
1066 1341 1158 1388 sub
1195 1340 1359 1403 ipsum

138 1426 403 1472 Arcturum
440 1421 576 1471 tenui
612 1431 686 1470 sat
722 1421 811 1470 erit
847 1423 1150 1485 suspendere
1187 1423 1347 1470 sulco:

138 1503 250 1563 illic,
289 1503 507 1552 officiant
542 1503 681 1552 laetis
717 1520 780 1551 ne
816 1502 1037 1565 frugibus
1074 1503 1270 1562 herbae,

138 1584 232 1645 hic,
274 1585 488 1634 sterilem
526 1584 728 1648 exiguus
765 1601 829 1632 ne
866 1585 1059 1632 deserat
1095 1600 1239 1632 umor
1274 1584 1524 1632 harenam.
1753 1602 1801 1645 70

205 1656 420 1717 Alternis
457 1668 592 1717 idem
628 1677 796 1716 tonsas
834 1683 1024 1715 cessare
1061 1666 1250 1715 novalis

137 1760 186 1799 et
222 1768 423 1815 segnem
459 1750 644 1815 patiere
679 1751 776 1799 situ
812 1752 1072 1800 durescere
1109 1766 1366 1813 campum,-

136 1842 221 1881 aut
256 1833 326 1881 ibi
361 1835 486 1881 flava
521 1849 651 1881 seres
687 1841 878 1881 mutato
915 1832 1074 1880 sidere
1110 1833 1247 1890 farra,

137 1915 271 1982 unde
307 1913 440 1977 prius
476 1916 660 1962 laetum
697 1913 874 1977 siliqua
909 1922 1174 1976 quassante
1210 1914 1441 1975 legumen

135 2005 220 2045 aut
255 1995 418 2045 tenuis
454 1998 581 2045 fetus
616 1995 771 2044 viciae
806 1995 1055 2058 tristisque
1090 1994 1248 2058 lupini
1759 2012 1804 2054 75

137 2077 387 2126 sustuleris
423 2076 603 2140 fragilis
639 2078 856 2125 calamos
893 2076 1165 2138 silvamque
1202 2084 1476 2124 sonantem.

136 2159 231 2207 urit
267 2157 400 2207 enim
437 2158 524 2205 lini
561 2174 794 2220 campum
831 2173 984 2219 seges,
1022 2156 1118 2204 urit
1153 2173 1353 2215 avenae,

137 2249 284 2288 urunt
322 2241 543 2288 Lethaeo
579 2241 776 2302 perfusa
810 2255 1055 2301 papavera
1090 2254 1290 2286 somno:

136 2323 225 2370 sed
260 2330 427 2369 tamen
462 2319 661 2368 alternis
697 2318 852 2368 facilis
888 2319 1041 2378 labor,
1080 2317 1216 2366 arida
1252 2326 1445 2366 tantum

136 2420 199 2451 ne
236 2411 449 2450 saturare
485 2403 605 2450 fimo
641 2400 812 2464 pingui
848 2402 1035 2463 pudeat
1072 2401 1177 2448 sola
1212 2415 1337 2448 neve
1755 2408 1808 2446 80

136 2484 307 2532 effetos
344 2482 559 2531 cinerem
596 2481 914 2530 immundum
949 2481 1129 2530 iactare
1165 2497 1252 2543 per
1286 2496 1441 2542 agros.

136 2565 205 2613 sic
242 2581 442 2627 quoque
478 2563 678 2612 mutatis
714 2563 1030 2627 requiescunt
1065 2561 1246 2610 fetibus
1282 2578 1409 2620 arva,

136 2663 229 2695 nec
265 2648 401 2694 nulla
435 2645 622 2694 interea
657 2654 731 2694 est
766 2645 984 2694 inaratae
1018 2643 1172 2707 gratia
1206 2652 1373 2692 terrae.

136 2743 283 2789 saepe
319 2726 467 2774 etiam
503 2725 677 2774 sterilis
713 2725 979 2775 incendere
1015 2724 1197 2788 profuit
1232 2740 1373 2786 agros

190 2864 325 2912 54-84
345 2860 524 2900 AMPR
688 2863 742 2910 56
761 2860 938 2900 Tmolus
959 2859 1030 2899 M2
1051 2858 1166 2898 Serv.
1187 2859 1369 2897 Probus:
1401 2857 1554 2897 imolus
1574 2857 1636 2896 R:
1667 2857 1806 2896 molus

135 2915 280 2955 AM¹:
322 2916 458 2955 molos
478 2915 521 2953 P
681 2928 733 2964 57
765 2916 903 2954 mittet
938 2914 1022 2954 Ρη
1073 2914 1212 2952 mittat
1240 2912 1336 2952 M²c
1497 2914 1550 2952 60
1579 2913 1746 2951 alterna
1769 2911 1813 2950 P

136 2969 402 3062 δόνίεέἐὺυε]
423 2969 614 3019 frugibus
635 2968 677 3006 R
790 2982 840 3019 73
870 2968 1032 3019 sidere]
1054 2967 1216 3006 semine
1236 2967 1280 3004 R
1389 2969 1442 3006 82
1472 2968 1743 3059 requiescgnt
1763 2966 1807 3004 R
