2020 3372
1286 152 1710 203 GEORGICON
1748 152 1804 200 11

132 312 226 344 nec
261 311 364 343 non
400 303 463 354 et,
503 292 678 343 sterilis
714 309 843 356 quae
879 291 1112 355 stirpibus
1148 289 1247 339 exit
1280 291 1346 339 ab
1381 289 1507 350 imis,

130 377 229 425 hoc
263 375 423 435 faeiat,
461 391 645 424 vacuos
681 373 723 423 si
758 373 820 423 sit
854 373 1047 436 digesta
1079 389 1167 436 per
1201 389 1373 435 agros:

130 473 265 505 nunc
299 458 427 505 altae
461 457 662 505 frondes
697 464 747 504 et
782 454 905 503 rami
941 454 1109 502 matris
1144 463 1359 516 opacant
1749 471 1801 512 55

130 537 471 600 crescentique
506 536 734 585 adimunt
768 537 898 584 fetus
933 544 1182 598 uruntque
1217 536 1471 583 ferentem.

130 618 228 666 iam
266 634 395 681 quae
432 617 705 666 seminibus
741 616 881 665 iactis
917 633 971 665 se
1007 616 1205 664 sustulit
1238 616 1399 674 arbos,

129 701 269 748 tarda
304 698 439 747 venit
476 698 595 747 seris
630 700 819 746 factura
853 697 1120 760 nepotibus
1156 697 1400 755 umbram,

128 796 380 842 pomaque
418 781 719 842 degenerant
754 794 902 827 sucos
938 777 1094 826 oblita
1129 776 1315 840 priores

129 871 178 910 et
214 861 369 924 turpis
405 861 579 910 avibus
614 862 852 924 praedam
887 862 979 909 fert
1014 877 1111 908 uva
1146 876 1383 908 racemos.
1748 865 1804 907 60

129 942 316 994 scilicet
354 942 587 991 omnibus
624 950 699 990 est
733 941 875 990 labor
909 940 1294 1004 impendendus,
1333 949 1382 988 et
1418 955 1594 988 omnes

129 1025 384 1087 cogendae
419 1023 472 1071 in
509 1025 702 1072 sulcum
738 1039 799 1071 ac
834 1024 991 1070 multa
1026 1023 1257 1071 mercede
1293 1022 1588 1070 domandae.

128 1106 218 1153 sed
253 1104 438 1153 truncis
475 1106 615 1153 oleae
651 1103 844 1163 melius,
880 1103 1153 1166 propagine
1187 1103 1311 1152 vites

128 1188 446 1250 respondent,
487 1185 648 1235 solido
685 1184 904 1249 Paphiae
939 1187 1004 1234 de
1039 1185 1218 1234 robore
1254 1194 1470 1247 myrtus;

126 1267 308 1331 plantis
345 1276 394 1316 et
430 1269 582 1316 durae
618 1266 770 1328 coryli
805 1274 1075 1314 nascuntur
1110 1275 1159 1314 et
1194 1265 1369 1328 ingens
1749 1272 1801 1325 65

127 1348 341 1398 fraxinus
380 1349 762 1410 Herculeaeque
796 1347 943 1396 arbos
979 1347 1215 1395 umbrosa
1250 1362 1478 1405 coronae,

128 1429 443 1493 Chaoniique
478 1428 629 1492 patris
663 1429 901 1491 glandes3
941 1427 1092 1476 etiam
1126 1429 1281 1476 ardua
1315 1429 1483 1490 palma

128 1510 345 1560 nascitur
380 1519 430 1559 et
466 1526 608 1558 casus
643 1508 781 1558 abies
816 1509 980 1558 visura
1014 1508 1244 1557 marinos.

126 1591 355 1641 inseritur
388 1608 506 1640 vero
541 1601 590 1639 et
625 1592 727 1639 fetu
764 1590 905 1639 nucis
940 1591 1144 1638 arbutus
1180 1589 1392 1648 horrida,

128 1685 177 1723 et
213 1673 399 1723 steriles
435 1672 623 1736 platani
659 1675 817 1722 malos
851 1689 1046 1736 gessere
1080 1671 1303 1731 valentis,
1752 1688 1803 1732 70

128 1766 388 1806 castaneae
423 1757 593 1819 fagos;
633 1771 884 1818 ornusque
919 1753 1142 1803 incanuit
1176 1754 1293 1802 albo

128 1840 250 1887 flore
284 1837 391 1900 piri,
428 1838 763 1901 glandemque
799 1853 912 1885 sues
948 1838 1133 1899 fregere
1170 1835 1263 1884 sub
1299 1834 1459 1883 ulmis.

197 1921 307 1968 Nec
342 1919 523 1968 modus
558 1919 773 1967 inserere
807 1927 958 1981 atque
993 1919 1166 1966 oculos
1202 1915 1461 1979 imponere
1496 1914 1716 1979 simplex.

128 2017 246 2050 nam
282 2017 382 2063 qua
417 2017 470 2049 se
506 1999 675 2049 medio
711 2001 917 2048 trudunt
953 2000 1017 2048 de
1053 1997 1236 2046 cortice
1271 2013 1498 2060 gemmae

130 2090 178 2129 et
214 2080 376 2129 tenuis
413 2090 651 2143 rumpunt
687 2080 895 2139 tunicas,
932 2088 1170 2142 angustus
1205 2078 1257 2126 in
1293 2078 1403 2141 ipso
1751 2096 1799 2137 75

128 2162 184 2209 fit
219 2163 357 2209 nodo
394 2161 529 2209 sinus
546 2179 560 2221 3
603 2162 703 2209 huc
738 2159 901 2208 aliena
936 2176 996 2208 ex
1029 2159 1204 2207 arbore
1239 2174 1441 2221 germen

127 2241 391 2291 includunt
425 2244 629 2305 udoque
666 2243 852 2290 docent
886 2241 1158 2290 inolescere
1193 2239 1332 2289 libro.

127 2334 213 2373 aut
248 2342 440 2374 rursum
476 2327 665 2374 enodes
701 2323 863 2373 trunci
898 2332 1194 2382 resecantur,
1232 2332 1282 2371 et
1315 2323 1414 2371 alte

128 2405 331 2454 finditur
365 2406 416 2453 in
454 2405 669 2455 solidum
706 2404 878 2454 cuneis
914 2404 1008 2464 via,
1044 2402 1229 2453 deinde
1265 2405 1450 2452 feraces

127 2489 326 2550 plantae
351 2487 711 2537 immittuntur:
748 2505 843 2536 nec
865 2489 1072 2550 longum
1096 2495 1308 2548 tempuS,
1334 2494 1384 2533 et
1407 2484 1580 2547 ingens
1749 2496 1802 2534 80

129 2567 244 2617 exiit
279 2570 344 2617 ad
379 2570 573 2617 caelum
608 2568 755 2618 ramis
791 2568 1018 2617 felicibus
1053 2567 1215 2626 arbos,

183 2699 315 2747 53—81
341 2697 394 2735 M
518 2710 571 2748 54
590 2697 715 2738 faciet
729 2696 783 2735 M
783 2697 879 2748 ²7ac
999 2697 1053 2746 65
1078 2702 1122 2736 et
1137 2697 1269 2735 durae
1289 2694 1399 2735 codd.
1417 2698 1581 2746 praeter
1597 2692 1802 2734 detenbres

128 2752 338 2803 quosdam
365 2755 441 2803 qui
460 2753 619 2791 edurae
643 2752 826 2791 exhffient
842 2765 851 2790 ε
884 2755 1105 2802 utrumque
1127 2755 1358 2802 agnoscunt
1376 2749 1493 2789 Serv.
1509 2749 1632 2788 schol.
1645 2747 1770 2787 Bem.
1788 2763 1798 2786 t

131 2808 314 2846 ecdurae
326 2807 498 2846 Ribbeck
606 2808 662 2857 69
678 2807 815 2857 fuisse
829 2807 905 2857 qui
919 2807 1100 2844 horrens
1121 2806 1294 2856 legerent
1323 2808 1529 2842 testantur
1543 2802 1661 2842 Serv,
1677 2803 1798 2841 schol.

129 2861 254 2901 Bem.
274 2875 284 2900 :
315 2867 358 2900 et
378 2862 499 2901 nucis
523 2861 699 2900 arbutus
719 2861 894 2899 horrida
910 2860 999 2899 fetu
1021 2858 1076 2896 M
1079 2858 1113 2908 ²,
1130 2859 1297 2897 editores
1309 2859 1487 2909 plerique
1599 2869 1647 2906 71
1680 2856 1801 2906 sagos

130 2915 264 2966 Myab
289 2915 404 2955 Serv.
430 2916 550 2955 schoL
583 2916 741 2955 Bern.:
781 2915 906 2965 fagus
929 2914 1173 2953 Priscianus
1366 2915 1416 2951 81
1450 2911 1570 2951 exilit
1588 2925 1619 2962 γ
1637 2910 1802 2949 Nonius

130 2969 330 3009 Ribbeck:
361 2970 454 3009 exit
472 2969 721 3009 Lachmann

1641 3034 1695 3073 4*
