2014 3372
457 713 527 804 P,
590 714 991 780 VERGILI
1061 717 1511 784 MARONIS

672 883 824 954 ΑΕ
845 884 918 955 Ν
937 885 1047 955 ΕΙ
1068 885 1297 958 DOS

816 1067 1031 1113 LIBER
1067 1068 1143 1113 VI

213 1209 299 1256 SIC
334 1210 461 1258 fatur
495 1211 769 1272 lacrimans,
810 1214 1052 1276 classique
1088 1214 1307 1262 immittit
1344 1214 1563 1262 habenas

143 1298 191 1336 et
227 1291 430 1338 tandem
467 1293 705 1341 Euboicis
742 1295 1013 1343 Cumarum
1049 1294 1295 1343 adlabitur
1331 1295 1440 1343 oris.

143 1369 407 1419 obvertunt
441 1375 616 1436 pelago
653 1391 851 1437 proras,-
887 1385 992 1423 tum
1030 1377 1179 1424 dente
1215 1375 1374 1424 tenaci

141 1467 323 1499 ancora
356 1454 598 1502 fundabat
624 1454 770 1503 ‘navis
807 1465 856 1503 et
891 1455 1033 1504 litora
1069 1473 1245 1504 curvae

142 1540 429 1592 praetexunt
464 1550 668 1597 puppes.
742 1535 978 1584 iuvenum
1015 1553 1190 1585 manus
1229 1537 1407 1586 emicat
1442 1539 1621 1586 ardens
1789 1561 1810 1599 5

141 1611 254 1660 litus
290 1612 341 1661 in
379 1615 681 1677 Hesperium
700 1635 713 1676 ς
760 1617 949 1679 quaerit
984 1634 1095 1680 pars
1132 1618 1321 1666 semina
1356 1620 1586 1667 flammae

140 1693 363 1742 abstrusa
398 1694 449 1742 in
485 1696 622 1744 venis
659 1696 822 1756 silicis,
862 1714 973 1760 pars
1010 1699 1165 1746 densa
1202 1701 1413 1747 ferarum

141 1784 270 1823 tecta
305 1775 430 1839 rapit
467 1776 611 1826 silvas
647 1778 948 1842 inventaque
984 1780 1190 1828 flumina
1225 1789 1477 1829 monstrat.

139 1866 189 1904 at
225 1856 333 1919 pius
370 1860 566 1906 Aeneas
602 1876 737 1908 arces
775 1861 956 1924 quibus
992 1864 1119 1910 altus
1156 1864 1340 1925 Apollo

139 1937 384 1999 praesidet
421 1940 796 2004 horrendaeque
831 1945 1003 2004 procul
1040 1952 1227 1991 secreta
1264 1942 1491 2005 Sibyllae,
1740 1943 1831 1992 ‘10'

138 2028 334 2067 antrum
371 2019 602 2080 immane,
642 2022 776 2084 petit,
818 2039 1047 2085 magnam
1085 2023 1165 2071 cui
1202 2034 1425 2072 mentem
1461 2023 1786 2087 animumque

140 2099 313 2147 Delius
350 2099 552 2163 inspirat
588 2111 723 2150 vates
759 2102 1015 2165 aperitque
1051 2105 1224 2151 futura.

138 2180 235 2228 iam
273 2182 486 2230 subeunt
523 2182 718 2232 Triviae
755 2186 894 2232 lucos
930 2194 1080 2247 atque
1116 2202 1264 2233 aurea
1300 2194 1441 2233 tecta.

209 2265 472 2323 Daedalus,
514 2274 567 2312 ut
602 2267 734 2313 fama
770 2275 855 2326 est,
897 2266 1090 2330 fugiens
1130 2266 1323 2314 Minoia
1359 2283 1507 2329 regna

137 2344 451 2405 praepetibus
487 2345 664 2407 pennis
701 2363 849 2394 ausus
887 2359 939 2395 se
976 2348 1176 2395 credere
1212 2348 1349 2395 caelo
1757 2366 1803 2405 15

137 2421 385 2472 insuetum
422 2441 508 2486 per
543 2425 632 2473 iter
667 2426 853 2488 gelidas
890 2426 1053 2475 enavit
1088 2429 1153 2475 ad
1189 2429 1378 2486 ArctOS,

139 2503 525 2567 Chalcidicaque
562 2505 680 2572 levis
717 2509 920 2555 tandem
958 2524 1105 2569 super
1139 2506 1290 2555 astitit
1325 2523 1450 2555 arce.

137 2584 357 2633 redditus
394 2585 468 2634 his
505 2586 718 2649 primum
755 2588 891 2637 terris
928 2588 1031 2648 tibi,
1072 2590 1288 2647 Phoebe,
1328 2588 1533 2636 sacravit

137 2663 395 2726 remigium
430 2667 617 2714 alarum
653 2668 924 2731 posuitque*
954 2669 1190 2717 immania
1225 2671 1423 2731 templa.

136 2743 187 2792 in
223 2744 410 2794 foribus
445 2747 599 2794 letum
635 2750 903 2813 Androgeo
921 2769 934 2810 3
982 2760 1087 2798 tum
1124 2752 1342 2812 pendere
1378 2766 1564 2812 poenas
1660 2792 1666 2796 .
1753 2771 1802 2798 20

194 2886 299 2912 1-20
318 2874 449 2913 MPR
562 2888 595 2925 1,
619 2889 643 2913 2
664 2877 752 2915 vide
771 2878 882 2918 adv.
908 2878 984 2916 sub
994 2879 1085 2927 fine
1198 2890 1243 2926 17
1276 2890 1442 2915 arcaem
1466 2876 1519 2913 M
1522 2877 1530 2898 ¹
1554 2882 1600 2914 ut
1618 2877 1799 2915 videtur:

137 2940 235 2965 arca
255 2928 298 2965 R
454 2942 508 2968 20
536 2929 769 2980 Androgeo
790 2932 861 2970 bcn·
874 2932 1170 2983 grammatici:
1198 2931 1421 2980 Androgei
1442 2930 1649 2981 MPR7m
1669 2944 1679 2979 ;
1716 2931 1804 2970 vide

136 2981 176 3019 ii.
202 2993 283 3030 392

191 3059 321 3088 VERG.
1639 3051 1692 3090 16
