2014 3372
228 156 280 203 P.
322 155 621 203 VERGILI
661 154 987 203 MARONIS

230 299 403 346 Tullus
439 296 491 346 in
526 314 664 345 arma
698 295 828 345 viros
865 304 913 344 et
949 294 1048 344 iam
1086 297 1291 344 desueta
1327 294 1589 358 triumphis
1715 350 1717 352 ,

226 379 436 444 agmina.
512 396 663 442 quem
698 377 834 426 iuxta
870 377 1091 441 sequitur
1125 377 1386 426 iactantior
1421 380 1594 426 Ancus
1826 387 1904 437 8¹5

227 479 361 510 nunc
399 477 601 524 quoque
637 459 737 508 iam
774 459 995 508 nimium·
1022 461 1245 522 gaudens
1281 459 1604 523 popularibus
1641 456 1784 507 auris.
1882 460 1889 462 '⁷

226 542 298 591 vis
336 551 384 591 et
421 540 721 605 Tarquinios
757 558 895 605 reges
931 541 1251 604 animamque
1289 541 1554 605 superbam

227 624 398 673 ultoris
437 623 590 684 Bruti,
631 622 879 686 fascisque
914 622 1082 672 videre
1118 625 1383 686 receptos?

228 706 446 755 consulis
482 705 747 769 imperium
783 705 866 754 hic
902 705 1090 770 primus
1128 721 1398 768 saevasque
1435 704 1618 754 securis

227 788 449 852 accipiet,
491 797 736 851 natosque
771 797 911 852 pater
947 805 1078 837 nova
1113 789 1245 837 bella
1282 788 1527 836 moventis
1826 795 1909 834 820

227 873 292 920 ad
327 888 544 934 poenam
581 872 788 934 pulchra
823 887 913 934 pro
949 870 1175 919 libertate
1210 869 1422 919 vocabit.

227 953 424 1002 infelix!
473 963 747 1016 utcumque
784 955 942 1002 ferent
979 970 1039 1002 ea
1073 955 1203 1002 facta
1239 952 1485 1001 minores:

227 1035 392 1084 vincet
427 1053 567 1084 amor
602 1035 789 1099 patriae
824 1037 1134 1098 laudumque
1168 1035 1414 1084 immensa
1449 1033 1646 1097 cupido.

229 1117 349 1181 quin
388 1116 573 1166 Decios
612 1119 906 1181 Drusosque
941 1119 1116 1181 procul
1152 1134 1455 1180 saevumque
1491 1114 1650 1164 securi

227 1200 395 1264 aspice
431 1203 744 1263 Torquatum
780 1210 830 1249 et
865 1202 1161 1249 referentem
1197 1199 1337 1262 signa
1373 1198 1654 1248 Camillum.
1827 1206 1907 1256 8²5

228 1282 340 1331 illae
375 1291 543 1331 autem
580 1281 782 1345 paribus
819 1298 943 1346 quas
979 1284 1166 1346 fulgere
1201 1280 1360 1330 cernis
1396 1279 1448 1328 in
1483 1279 1646 1339 armis,

229 1366 504 1414 concordes
540 1364 738 1413 animae
773 1381 910 1413 nunc
945 1373 994 1413 et
1030 1366 1153 1413 dum
1188 1373 1337 1412 nocte
1372 1370 1676 1427 premuntur,

230 1449 328 1495 heu
366 1456 608 1510 quantum
644 1446 772 1495 inter
808 1463 861 1495 se
895 1447 1097 1506 bellum,
1135 1445 1176 1494 si
1212 1445 1402 1493 lumina
1435 1444 1565 1493 vitae

229 1528 491 1592 attigerint,
531 1537 741 1591 quantas
778 1527 910 1576 acies
948 1537 1260 1591 stragemque
1296 1526 1513 1586 ciebunt,

227 1611 488 1675 aggeribus
526 1628 666 1660 socer
702 1610 898 1674 Alpinis
934 1611 1084 1674 atque
1119 1627 1231 1659 arce
1269 1607 1508 1658 Monoeci
1829 1616 1912 1667 830

230 1695 558 1753 descendens,
596 1709 746 1756 gener
780 1692 998 1741 adversis
1034 1692 1301 1741 instructus
1338 1690 1488 1739 Eois!

231 1792 308 1835 ne,
348 1774 510 1838 pueri,
541 1792 604 1823 ne
641 1784 778 1823 tanta
812 1774 991 1823 animis
1027 1772 1306 1822 adsuescite
1342 1774 1473 1822 bella

231 1875 329 1906 neu
366 1856 552 1920 patriae
588 1856 775 1905 validas
812 1856 863 1904 in
899 1855 1086 1905 viscera
1121 1855 1294 1904 vertite
1329 1854 1442 1903 viris
1459 1873 1473 1915 3

231 1949 386 2003 tuque
422 1938 567 2001 prior,
606 1947 660 1986 tu
696 1954 856 2000 parce,
896 1954 1051 2000 genus
1089 1936 1175 1999 qui
1211 1935 1352 1985 ducis
1389 1937 1622 1998 Olympo,

231 2020 399 2084 proice
436 2022 533 2069 tela
571 2037 735 2080 manu,
776 2019 974 2083 sanguis
1011 2036 1152 2068 meus
1175 2022 1259 2067 2—
1828 2024 1910 2076 835

232 2103 313 2151 ille
350 2102 651 2165 triumphata
689 2101 937 2164 Capitolia
971 2102 1036 2149 ad
1072 2103 1170 2149 alta
1207 2099 1450 2150 Corintho

232 2183 388 2232 victor
423 2193 534 2247 aget
570 2200 767 2232 currum
805 2182 960 2231 caesis
997 2181 1201 2245 insignis
1238 2180 1454 2229 Achivis.

235 2274 371 2314 eruet
407 2265 488 2313 ille
526 2268 684 2328 Argos
721 2263 1245 2328 Agamemnoniasque
1284 2265 1522 2325 Mycenas

233 2347 498 2410 ipsumque
534 2345 805 2406 Aeaciden,
844 2362 1000 2410 genus
1036 2344 1378 2407 armipotentis
1414 2343 1611 2403 Achilli,
1766 2396 1769 2398 Α

234 2431 365 2477 ultus
402 2446 520 2478 avos
558 2428 738 2478 Troiae
775 2431 961 2492 templa
998 2437 1046 2477 et
1083 2436 1320 2476 temerata
1358 2425 1627 2474 Minervae.
1831 2434 1913 2486 840

235 2511 344 2574 quis
382 2520 444 2571 te,
484 2528 662 2574 magne
701 2513 842 2571 Cato,
884 2511 1089 2560 tacitum
1125 2519 1211 2559 aut
1246 2519 1309 2569 te,
1350 2510 1521 2568 Cosse,
1561 2507 1846 2571 relinquat?

236 2592 346 2656 quis
384 2592 597 2641 Gracchi
632 2610 788 2656 genus
826 2604 910 2643 aut
947 2594 1186 2657 geminos,
1226 2594 1329 2641 duo
1365 2590 1574 2639 fulmina
1610 2589 1739 2649 belli,

238 2674 505 2737 Scipiadas,
547 2677 741 2724 cladem
781 2677 980 2741 Libyae,
1022 2693 1274 2740 parvoque
1309 2683 1567 2737 potentem

239 2755 519 2804 Fabricium
556 2759 632 2805 vel
671 2768 719 2807 te
756 2761 907 2819 sulco,
951 2761 1166 2819 Serrane,
1209 2759 1491 2806 serentem?

238 2854 338 2900 quo
375 2839 560 2887 fessum
597 2840 777 2903 rapitis,
821 2840 998 2890 Fabii?
1045 2851 1098 2889 tu
1137 2840 1386 2889 Maximus
1423 2839 1505 2888 ille
1541 2857 1607 2899 es,
1831 2849 1910 2900 845

293 2959 483 3007 814—845
505 2957 638 2995 MPR
878 2960 961 3007 819
990 2958 1169 3007 primum
1192 2956 1245 2995 M
1379 2958 1459 3005 824
1491 2954 1677 3007 Drusos]
1700 2954 1858 2995 Brutos
1872 2954 1915 2995 R

239 3011 317 3103 ῗιῗὲ
336 3019 599 3105 βῖῗῗηὲἵέἒᾶῑ
620 3010 765 3050 P1Rb²
780 3013 930 3063 probat
947 3012 1114 3062 Bentley
1225 3013 1316 3051 828·
1337 3012 1482 3050 limina
1501 3010 1710 3050 deten'ores
1831 3012 1912 3060 845
