2020 3372
228 159 285 208 P.
321 159 620 207 VERGILI
659 159 919 208 MARON
925 161 986 208 IS

328 309 530 362 propter
565 317 725 364 aquae
762 300 921 349 rivum
959 300 1102 351 viridi
1139 303 1424 366 procumbit
1460 303 1512 352 in
1547 305 1664 353 ulva

328 382 534 445 perdita,
575 400 668 432 nec
706 400 841 432 serae
879 384 1109 433 meminit
1145 387 1390 435 decedere
1426 387 1576 446 nocti,

328 465 438 513 talis
474 482 614 514 amor
650 474 829 525 teneat,
870 483 963 514 nec
1001 466 1062 515 sit
1099 466 1222 515 mihi
1259 484 1375 516 cura
1411 468 1612 518 mederi.
1851 478 1903 530 89

396 546 564 595 ducite
580 547 645 595 ab
661 547 783 595 urbe
800 549 1024 607 domum,
1047 565 1159 597 mea
1176 548 1408 611 carmina,
1427 550 1595 599 ducite
1612 548 1882 613 Daphnim.

327 629 416 677 has
454 628 573 677 olim
611 629 809 678 exuvias
847 629 969 678 mihi
1006 632 1224 693 perfidus
1261 630 1343 680 ille
1379 631 1588 694 reliquit,

326 709 534 773 pignora
570 727 682 759 cara
718 710 825 759 sui:
878 728 1006 775 quae
1043 729 1178 760 nunc
1215 729 1307 775 ego
1345 712 1515 761 limine
1551 712 1603 761 in
1639 713 1764 776 ipso,

327 802 466 852 terra,
506 791 596 840 tibi
634 794 854 853 mando3
908 793 1095 842 debent
1132 795 1256 842 haec
1293 794 1499 857 pignora
1536 794 1807 857 Daphnim.

395 873 563 922 ducite
582 874 644 922 ab
662 874 784 923 urbe
801 876 1024 934 domum,
1047 892 1159 924 mea
1175 875 1406 935 carmina,
1426 875 1593 925 ducite
1611 876 1882 939 Daphnim.

326 957 415 1004 has
452 956 630 1005 herbas
667 965 816 1019 atque
854 958 978 1005 haec
1015 959 1180 1006 Ponto
1217 957 1339 1006 mihi
1375 959 1503 1006 lecta
1538 975 1732 1007 venena
1849 978 1900 1020 95

326 1036 432 1100 ipse
469 1037 608 1086 dedit
647 1037 835 1087 Moeris
876 1037 1169 1104 (nascuntur
1206 1039 1417 1102 plurima
1455 1038 1676 1103 Ponto);

325 1118 401 1167 his
440 1135 532 1182 ego
570 1136 716 1183 saepe
755 1122 929 1183 lupum
968 1120 1072 1169 fieri
1110 1130 1160 1170 et
1195 1138 1249 1170 se
1287 1123 1504 1170 condere
1542 1121 1675 1170 silvis

327 1201 558 1261 Moerim,
599 1218 746 1265 saepe
783 1202 975 1251 animas
1016 1202 1128 1251 imis
1167 1203 1326 1252 excire
1364 1204 1615 1267 sepulcris,

324 1292 475 1346 atque
512 1292 640 1339 satas
676 1282 774 1332 alio
810 1283 912 1332 vidi
948 1286 1206 1333 traducere
1243 1285 1430 1334 messis.
1851 1308 1906 1348 99

394 1364 561 1414 ducite
576 1366 641 1414 ab
657 1365 778 1414 urbe
795 1367 1019 1426 domurn,
1038 1384 1151 1416 mea
1166 1367 1398 1427 carmina,
1422 1367 1590 1417 ducite
1612 1366 1888 1431 Daphnim..

326 1448 397 1495 fer
434 1446 636 1506 cineres,
676 1447 928 1510 Amarylli‚
968 1450 1097 1497 foras
1134 1448 1339 1512 rivoque
1377 1448 1550 1497 fluenti

326 1538 561 1592 transque
597 1538 746 1593 caput
782 1529 901 1590 iace,
942 1548 1036 1579 nec
1069 1531 1350 1593 respexeris.
1411 1530 1487 1580 his
1519 1548 1611 1594 ego
1647 1529 1901 1594 Daphnim

325 1611 584 1674 adgrediar
600 1630 613 1672 ;
661 1611 784 1659 nihil
820 1611 902 1661 ille
939 1614 1075 1672 deos,
1115 1612 1185 1660 nil
1222 1612 1441 1661 carmina
1479 1622 1628 1661 curat.

393 1693 562 1742 ducite
577 1694 642 1741 ab
659 1694 779 1742 urbe
796 1695 1020 1754 domum,
1042 1712 1154 1743 mea
1171 1695 1402 1754 carmina,
1422 1694 1589 1743 ducite
1612 1693 1882 1757 Daphnim.

325 1774 525 1838 aspice:
562 1774 797 1839 corripuit
833 1775 1054 1824 tremulis
1090 1777 1260 1827 altaria
1296 1775 1508 1824 flammis
1826 1795 1902 1834 105

326 1868 505 1921 sponte
542 1875 643 1918 sua,
684 1860 805 1907 dum
842 1860 966 1907 ferre
1003 1876 1180 1908 moror.
1222 1858 1347 1907 cinis
1384 1858 1502 1921 ipse.
1580 1858 1771 1906 bonum
1809 1856 1900 1905 sit!

327 1941 497 1989 nescio
534 1940 656 2004 quid
694 1950 825 1989 certe
862 1950 948 2000 est,
989 1950 1038 1989 et
1077 1943 1243 2004 Hylax
1279 1941 1330 1989 in
1367 1940 1538 1989 limine
1574 1942 1729 1988 latrat.

326 2022 612 2072 credimus?
647 2040 725 2082 an,
765 2022 852 2085 qui
887 2032 1069 2082 amant,
1109 2022 1203 2085 ipsi
1240 2021 1334 2070 sibi
1373 2020 1567 2070 somnia
1603 2021 1837 2083 fingunt?

394 2103 594 2168 parcite,
621 2104 686 2153 ab
711 2104 834 2153 urbe
858 2103 1006 2163 venit,
1035 2103 1134 2152 iam
1159 2103 1344 2166 parcite
1371 2101 1603 2162 carmina,
1641 2099 1883 2164 Daphnis.

867 2319 1151 2368 ECLOGA
1190 2319 1265 2365 IX

808 2457 1026 2491 LYCIDAS
1120 2456 1317 2491 MOERIS

227 2561 275 2600 L.
397 2555 516 2615 Qvo
542 2562 604 2612 te,
635 2552 811 2612 Moeri,
839 2554 1034 2615 pedes?
1070 2569 1148 2612 an,
1177 2569 1278 2615 quo
1303 2550 1381 2599 via
1407 2550 1558 2610 ducit,
1586 2549 1637 2598 in
1662 2549 1878 2598 urbem?

226 2639 285 2680 M.
331 2635 376 2684 O
415 2634 615 2697 Lycida,
654 2633 751 2682 vivi
787 2633 1117 2697 pervenimus,
1158 2636 1351 2682 advena
1388 2631 1542 2680 nostri

330 2718 489 2781 (quod
525 2733 800 2779 numquam
837 2715 976 2764 veriti
1015 2715 1207 2779 sumus)
1242 2724 1297 2784 ut
1332 2730 1589 2777 possessor
1623 2713 1767 2777 agelli

328 2798 546 2847 diceret:
589 2799 739 2846 ‘haec
778 2814 889 2845 mea
927 2806 1041 2844 sunt
1062 2815 1075 2857 ,-
1113 2805 1301 2845 veteres
1339 2795 1543 2859 migrate
1580 2794 1776 2844 coloni.'

281 2930 445 2977 87-109
467 2927 559 2966 MP
793 2929 844 2975 87
877 2926 1118 2965 concumbit
1138 2925 1242 2974 P¹71
1394 2936 1470 2974 105
1502 2923 1729 2975 corripuit]
1753 2929 1799 2962 ut
1819 2923 1902 2963 hec

220 2985 367 3024 lambit
383 3001 411 3023 π
527 2999 601 3035 107
627 2986 774 3036 Hylax
791 2987 915 3037 vulgo
931 3000 939 3025 :
966 2985 1106 3035 Hylas
1124 2983 1236 3023 codd.
1359 2997 1435 3033 109
1451 2983 1642 3034 ,carmina
1658 2982 1817 3032 parcite
1831 2980 1902 3019 Mc

279 3040 353 3078 IX.
418 3053 492 3090 1—4
514 3041 606 3079 MP
822 3053 848 3090 3
879 3039 1014 3091 quod]
1036 3053 1120 3089 quo
1141 3039 1252 3079 codd.
1278 3038 1490 3077 deteriores
1527 3065 1530 3067 v
