2014 3372
252 120 306 166 P.
348 121 647 169 VERGILI
687 123 1014 173 MARONIS

250 275 363 308 curn
402 261 580 322 sonitu,
619 263 913 327 fugiuntque
951 265 1113 315 Notos
1149 268 1365 316 clamore
1400 271 1636 320 secundo.

247 350 297 389 at
336 343 525 391 Rutulo
562 343 662 407 regi
698 344 1012 409 ducibusque
1049 364 1108 396 ea
1144 347 1266 396 mira
1301 348 1457 398 videri

248 423 496 483 Ausoniis
538 427 701 474 donec
737 443 900 476 versas
936 429 1001 476 ad
1038 427 1179 477 litora
1214 429 1394 493 puppis

248 504 516 567 respiciunt
553 515 814 570 totumque
849 508 1015 558 adlabi
1052 509 1290 559 classibus
1326 527 1524 575 aequor.

246 586 385 635 ardet
422 604 548 650 apex
584 588 733 651 capiti
771 589 1026 654 cristisque
1063 608 1093 639 a
1127 591 1308 641 vertice
1345 594 1546 643 flamma

246 666 468 716 funditur
505 678 553 717 et
588 678 752 718 vastos
789 671 944 719 umbo
980 672 1135 720 vomit
1171 689 1347 722 aureus
1383 673 1538 737 ignis:

246 765 349 797 non
387 766 528 798 secus
565 768 623 799 ac
659 751 849 814 liquida
884 752 924 800 si
961 756 1164 816 quando
1201 764 1349 804 nocte
1386 765 1611 806 cometae

245 831 502 895 sanguinei
539 835 745 897 lugubre
781 836 974 895 rubent,
1012 846 1097 885 aut
1133 836 1284 885 Sirius
1320 839 1466 887 ardor

243 912 325 962 ille
363 913 494 963 sitim
532 916 834 979 morbosque
869 919 1030 966 ferens
1069 917 1357 967 mortalibus
1393 919 1548 983 aegris

244 995 460 1044 nascitur
497 1006 546 1045 et
582 999 724 1046 laevo
760 998 1017 1047 contristat
1053 999 1241 1048 lumine
1278 1003 1484 1050 caelum.

313 1080 469 1128 Haud
507 1088 674 1128 tamen
708 1081 888 1130 audaci
925 1084 1096 1131 Turno
1134 1083 1317 1131 fiducia
1352 1084 1499 1133 cessit

243 1157 384 1208 litora
419 1160 701 1224 praecipere
737 1171 785 1211 et
821 1163 1063 1212 venientis
1099 1166 1280 1227 pellere
1316 1174 1454 1214 terra.

245 1236 393 1306 [ultro
428 1241 622 1291 animos
659 1243 785 1291 tollit
822 1243 966 1293 dictis
1002 1254 1153 1308 atque
1189 1245 1410 1309 increpat
1446 1249 1573 1296 ultro
1593 1245 1624 1316 z]

246 1323 410 1385 ‘quod
446 1322 572 1371 votis
611 1324 814 1387 optastis
852 1327 1007 1386 adest,
1048 1325 1344 1390 perfringere
1382 1330 1563 1377 dextra.

241 1401 292 1450 in
331 1403 559 1452 manibus
599 1407 734 1454 Mars
770 1406 890 1469 ipse,
930 1406 1030 1455 viri.
1106 1425 1240 1456 nunc
1277 1408 1500 1472 coniugis
1537 1419 1644 1459 esto

241 1483 452 1547 quisque
489 1502 606 1534 suae
642 1486 859 1550 tectique
896 1505 1099 1549 memor,
1141 1507 1275 1538 nunc
1312 1507 1491 1554 magna
1527 1493 1701 1541 referte

240 1567 382 1625 facta,
421 1575 616 1629 patrum
653 1568 837 1617 laudes.
914 1571 1042 1618 ultro
1080 1586 1394 1619 occurramus
1431 1573 1497 1620 ad
1533 1574 1720 1622 undam

240 1648 360 1695 dum
399 1646 578 1710 trepidi
614 1648 919 1712 egressisque
955 1651 1125 1700 labant
1160 1651 1365 1715 vestigia
1405 1652 1575 1715 prima.

239 1727 468 1776 audentis
506 1731 725 1778 Fortuna
759 1730 923 1779 iuvat.’

239 1811 363 1858 haec
398 1809 478 1869 ait,
520 1819 568 1858 et
604 1827 774 1860 secum
811 1822 970 1862 versat
1007 1831 1133 1877 quos
1170 1816 1352 1865 ducere
1390 1826 1561 1866 contra

232 1893 315 1939 <vel
353 1891 533 1954 quibus
570 1893 800 1942 obsessos
837 1894 992 1956 possit
1029 1899 1328 1946 concredere
1366 1916 1546 1948 muros.

309 1974 505 2021 Interea
541 1976 737 2022 Aeneas
774 1975 936 2023 socios
973 1977 1037 2025 de
1072 1977 1324 2041 puppibus
1360 1979 1470 2028 altis

238 2054 475 2118 pontibus
513 2055 726 2118 exponit.
802 2057 944 2105 multi
981 2074 1173 2108 servare
1211 2077 1435 2110 recursus

238 2134 514 2198 languentis
551 2135 711 2199 pelagi
748 2145 796 2185 et
833 2137 1065 2187 brevibus
1102 2156 1155 2187 se
1192 2142 1392 2189 credere
1434 2143 1574 2201 saltu,

237 2233 325 2280 per
359 2232 523 2265 remos
557 2216 652 2265 alii.
724 2220 1007 2281 speculatus
1045 2219 1187 2269 litora
1222 2223 1467 2281 Tarchon,

239 2314 337 2360 qua
372 2299 499 2346 vada
534 2315 637 2347 non
674 2308 835 2361 sperat
873 2317 965 2349 nec
1003 2303 1155 2350 fracta
1192 2313 1517 2352 remurmurat
1552 2306 1700 2364 unda,

239 2381 327 2428 sed
364 2396 498 2428 mare
533 2379 832 2429 inoffensum
871 2383 1111 2431 crescenti
1148 2384 1395 2433 adlabitur
1430 2394 1584 2446 aestu,

238 2460 447 2509 advertit
483 2461 648 2511 subito
683 2479 881 2526 proram
920 2465 1183 2530 sociosque
1219 2477 1472 2530 precatur:

242 2546 252 2566 ‘
272 2559 418 2601 nunc,
460 2559 490 2591 o
527 2545 654 2592 lecta
691 2562 880 2607 manus,
923 2547 1096 2597 validis
1133 2548 1407 2598 incumbite
1443 2549 1589 2598 remis
1607 2567 1621 2609 3

238 2622 407 2683 tollite,
448 2626 568 2673 ferte
604 2635 745 2686 rates,
785 2627 1038 2677 inimicam
1076 2629 1249 2679 findite
1285 2630 1451 2679 rostris

238 2705 367 2752 hanc
403 2715 594 2768 terram,
635 2711 928 2773 sulcumque
965 2711 1058 2759 sibi
1095 2721 1284 2774 premat
1319 2711 1425 2774 ipsa
1460 2712 1637 2761 carina.

1844 606 1925 658 '2¹70

1842 1018 1919 1064 275

1842 1421 1919 1460 280

1840 1828 1914 1879 285

1836 2245 1916 2287 290

1833 2650 1909 2693 ²95

293 2838 482 2887 266-296
503 2837 636 2876 MPR
767 2853 847 2889 270
876 2839 921 2890 a]
941 2853 991 2879 ac
1011 2839 1145 2890 PR7c
1252 2853 1329 2890 271
1361 2842 1502 2880 aerius
1515 2841 1569 2879 M
1686 2841 1766 2890 278
1806 2860 1837 2873 =
1850 2841 1907 2880 ix.

242 2903 317 2940 127
339 2905 421 2931 om.
445 2892 609 2942 MPym
749 2895 830 2933 280
858 2894 960 2933 viris
984 2894 1145 2946 MP-ybc
1272 2896 1348 2933 281
1383 2896 1541 2935 referto
1561 2893 1773 2945 MR7²bcrr
1792 2894 1906 2936 Serv.

238 2946 318 2994 283
349 2948 599 2996 egressique
620 2947 737 2997 Rybc
749 2949 932 3000 agnoscit
947 2948 1004 2988 D.
1027 2949 1142 2989 Serv.
1307 2963 1384 3000 291
1417 2955 1560 2999 sperat
1579 2947 1755 3001 PR-yfflc
1767 2950 1914 3001 probat

238 2998 352 3039 Serv.
372 3015 380 3041 :
412 3002 576 3051 spirant
596 3001 714 3039 Mb¹⁷r
733 3001 848 3043 Serv.
873 3003 1039 3052 Bentley
1147 3016 1229 3054 293
1255 3016 1404 3053 proras
1417 3002 1471 3041 M
1475 3003 1674 3055 ¹P7bcm7r
1691 3019 1701 3044 ε
1722 3017 1848 3054 prora
1866 3003 1912 3042 R
