2014 3372
254 162 306 209 P.
347 161 645 210 VERGILI
685 161 1010 210 MARONIS

254 300 536 350 sufficimus.
612 309 808 363 superat
846 299 1083 364 quoniam
1122 302 1350 359 Fortuna,
1392 315 1668 362 sequamur,
1741 323 1744 326 ·

254 399 457 446 quoque
492 390 637 431 vocat
673 390 919 430 vertamus
956 380 1058 430 iter.
1132 398 1225 430 nec
1262 380 1403 430 litora
1439 382 1585 444 longe

252 467 354 514 fida
389 481 498 513 reor
533 466 744 513 fraterna
782 463 951 526 Erycis
988 472 1260 527 portusque
1297 462 1515 522 Sicanos,

251 547 292 596 si
329 548 483 596 modo
521 547 610 596 rite
647 563 839 595 memor
875 555 1064 595 servata
1100 545 1330 595 remetior
1365 547 1522 593 astra.'
1871 562 1920 603 25

252 638 358 678 tum
394 628 506 691 pius
542 631 770 677 Aeneas:
817 627 1078 691 ‘equidem
1115 627 1185 676 sic
1221 644 1426 691 poscere
1461 635 1635 676 ventos

251 709 546 760 iamdudum
583 719 632 759 et
667 712 843 759 frustra
879 726 1028 758 cerno
1065 718 1114 758 te
1150 710 1354 758 tendere
1390 718 1574 758 contra.

250 792 394 840 flecte
432 790 564 840 viam
599 791 733 840 velis.
807 808 871 839 an
909 790 970 839 sit
1006 789 1128 838 mihi
1163 789 1343 854 gratior
1378 791 1491 850 ulla,

250 889 413 935 quove
450 871 604 936 magis
641 874 793 921 fessas
831 881 1000 935 optem
1037 871 1298 921 demittere
1335 871 1485 931 navis,

250 971 401 1018 quam
438 971 567 1018 quae
605 953 916 1003 Dardanium
953 955 1097 1003 tellus
1135 952 1258 1002 mihi
1294 962 1452 1002 servat
1488 955 1707 1002 Acesten
1868 972 1921 1013 30

249 1044 298 1084 et
333 1035 483 1099 patris
519 1035 770 1084 Anchisae
805 1035 993 1099 gremio
1029 1034 1375 1099 complectitur
1411 1036 1583 1083 ossa?'

249 1119 373 1166 haec
409 1116 496 1166 ubi
533 1116 678 1177 dicta,
719 1126 894 1181 petunt
930 1126 1100 1180 portus
1138 1126 1186 1166 et
1222 1118 1330 1166 vela
1366 1115 1574 1165 secundi

248 1197 516 1247 intendunt
551 1197 764 1261 Zephyri
781 1217 793 1259 3
841 1200 991 1247 fertur
1028 1197 1124 1247 cita
1160 1197 1348 1261 gurgite
1384 1196 1565 1256 classis,

249 1289 297 1329 et
334 1281 539 1329 tandem
575 1279 690 1330 laeti
726 1289 874 1329 notae
910 1281 1232 1329 advertuntur
1267 1281 1493 1328 harenae.

316 1365 384 1411 At
419 1363 591 1426 procul
628 1379 688 1411 ex
724 1363 856 1411 celso
893 1361 1096 1411 miratus
1132 1361 1314 1411 vertice
1350 1360 1533 1411 montis
1869 1380 1920 1421 35

247 1445 519 1494 adventum
556 1443 816 1506 sociasque
852 1452 978 1492 rates
1016 1443 1226 1493 occurrit
1263 1446 1485 1502 Acestes,

247 1524 475 1574 horridus
511 1524 562 1573 in
598 1524 769 1574 iaculis
806 1534 854 1574 et
891 1526 1019 1588 pelle
1057 1524 1327 1588 Libystidis
1365 1541 1519 1584 ursae,

247 1606 399 1655 Troia
436 1605 632 1656 Criniso
669 1615 970 1670 conceptum
1006 1606 1211 1655 flumine
1248 1615 1404 1655 mater

248 1705 398 1752 quern
434 1687 615 1752 genuit.
690 1697 911 1737 veterum
947 1705 1050 1737 non
1086 1687 1350 1737 immemor
1384 1687 1466 1736 ille
1502 1694 1762 1751 parentum

247 1779 461 1833 gratatur
496 1771 702 1819 reduces
740 1779 789 1819 et
824 1787 940 1833 gaza
976 1772 1132 1818 laetus
1169 1769 1346 1833 agresti
1866 1787 1920 1827 40

247 1850 439 1914 excipit,
478 1868 536 1900 ac
572 1853 728 1900 fessos
765 1851 944 1914 opibus
982 1853 1166 1900 solatur
1201 1850 1385 1899 amicis.

316 1936 519 1982 Postera
554 1950 669 1982 cum
706 1932 866 1996 primo
903 1935 1066 1982 stellas
1105 1933 1309 1982 Oriente
1346 1934 1534 1995 fugarat

247 2017 377 2064 clara
413 2014 532 2074 dies,
572 2014 733 2063 socios
771 2014 822 2062 in
859 2023 1059 2063 coetum
1097 2014 1238 2063 litore
1273 2014 1339 2062 ab
1374 2012 1512 2062 omni

246 2100 457 2146 advocat
493 2099 689 2145 Aeneas
726 2096 1003 2160 tumulique
1040 2114 1099 2145 ex
1134 2113 1308 2160 aggere
1343 2098 1498 2144 fatur:

250 2178 598 2228 ‘Dardanidae
635 2178 814 2242 magni,
852 2195 1007 2242 genus
1044 2180 1145 2227 alto
1181 2195 1209 2226 a
1246 2177 1484 2241 sanguine
1520 2176 1705 2237 divum,
1863 2195 1915 2236 45

246 2278 441 2310 annuus
478 2260 659 2310 exactis
696 2263 972 2324 completur
1009 2260 1262 2309 mensibus
1299 2259 1446 2319 orbis,

248 2360 306 2392 ex
342 2360 443 2407 quo
479 2342 708 2406 reliquias
745 2341 999 2406 divinique
1035 2359 1147 2391 ossa
1182 2341 1397 2405 parentis

247 2424 563 2474 condidimus
600 2433 726 2473 terra
761 2433 1072 2487 maestasque
1108 2424 1405 2473 sacravimus
1441 2441 1560 2473 aras.

247 2507 445 2570 iamque
482 2506 600 2567 dies,
641 2506 735 2555 nisi
770 2508 924 2567 fallor,
963 2508 1117 2567 adest,
1157 2524 1307 2571 quem
1345 2524 1539 2570 semper
1573 2505 1821 2564 acerbum,

247 2605 441 2651 semper
476 2589 773 2637 honoratum
812 2587 903 2653 (sic
939 2588 991 2638 di
1026 2588 1269 2652 voluistis)
1307 2589 1518 2637 habebo.
1864 2607 1916 2647 50

248 2671 382 2718 hunc
418 2686 510 2733 ego
547 2669 769 2718 Gaetulis
806 2686 1001 2733 agerem
1039 2670 1078 2718 si
1116 2670 1337 2733 Syrtibus
1375 2672 1524 2729 exsul,

248 2751 542 2816 Argolicove
578 2751 699 2800 mari
736 2754 1007 2816 deprensus
1045 2762 1092 2801 et
1129 2754 1250 2802 urbe
1289 2755 1547 2815 Mycenae,

303 2885 438 2932 22—36
458 2882 550 2921 MP
559 2897 568 2931 3
603 2895 739 2932 37-52
766 2882 898 2921 MPR
1144 2896 1196 2932 23
1226 2889 1350 2922 vacat
1374 2882 1442 2921 Μ1
1607 2895 1661 2932 29
1689 2881 1915 2922 demittere

247 2952 294 2976 cvr
312 2938 517 2977 deteriores
537 2937 734 2988 quidam:
768 2938 981 2977 dimittere
1013 2939 1125 2977 ceteri
1139 2936 1251 2977 Serv.
1516 2937 1570 2986 38
1600 2936 1770 2975 Criniso
1800 2934 1912 2976 codd.

248 2991 363 3031 Serv.
381 2993 440 3030 ad
448 2993 475 3030 i.
491 3004 594 3041 550;
615 2991 687 3030 sed
691 2992 876 3042 flumini
891 3006 1042 3031 nomen
1063 2997 1149 3031 erat
1169 2992 1377 3041 Cm‘mzsso,
1394 2990 1502 3031 unde
1512 2991 1696 3030 Crimiso
1713 2991 1917 3043 Gamling

247 3059 300 3097 52
332 3046 457 3098 urbe]
485 3059 585 3086 arce
604 3046 663 3085 Pl
832 3046 1025 3096 Mycenis
1046 3046 1088 3085 R
