2014 3372
1378 170 1524 218 AEN
1529 169 1740 219 EIDOS
1780 168 1806 216 1

139 315 336 365 turbine
372 313 605 378 corripuit
639 314 947 377 scopuloque
983 311 1140 360 infixit
1174 319 1355 371 acuto,
1753 330 1806 369 45

138 408 214 447 ast
249 414 354 460 ego,
395 413 521 460 quae
556 394 727 444 divum
762 393 943 443 incedo
979 392 1147 456 regina
1182 391 1416 454 Iovisque

140 488 190 527 et
226 494 363 527 soror
398 487 446 526 et
482 476 709 535 coniunx,
750 492 849 523 una
884 491 999 523 cum
1034 483 1181 537 gente
1216 482 1291 522 tot
1324 489 1483 521 annos

140 559 270 608 bella
304 575 433 622 gero.
508 567 556 606 et
593 557 856 619 quisquam
893 572 1079 603 numen
1118 553 1326 603 Iunonis
1361 556 1535 602 adorat

141 649 391 703 praeterea
425 648 510 687 aut
546 639 752 700 supplex
787 636 880 685 aris
916 635 1141 698 imponet
1176 636 1480 684 honorem?'

209 720 352 768 Talia
386 722 640 768 flammato
676 734 847 767 secum
883 719 978 766 dea
1014 718 1164 765 corde
1199 717 1426 764 volutans
1758 736 1811 775 50

143 801 426 850 nimborum
462 800 514 848 in
549 799 771 862 patriam,
809 800 919 847 loca
954 800 1053 846 feta
1087 796 1361 845 furentibus
1397 795 1605 856 Austris,

142 881 371 934 Aeoliam
405 880 551 929 venit.
625 879 706 928 hic
742 888 881 928 vasto
917 895 1000 928 rex
1033 880 1221 927 Aeolus
1257 887 1399 926 antro

144 962 372 1011 luctantis
408 971 581 1010 ventos
618 969 1035 1023 tempestatesque
1071 975 1276 1007 sonoras

144 1043 350 1107 imperio
386 1043 564 1107 premit
598 1060 658 1091 ac
693 1041 865 1091 vinclis
902 1051 950 1090 et
986 1058 1180 1090 carcere
1214 1042 1384 1090 frenat.

144 1124 214 1172 illi
248 1124 561 1188 indignantes
598 1139 780 1185 magno
816 1140 931 1171 cum
967 1138 1218 1170 murmure
1254 1120 1437 1170 montis
1760 1141 1811 1180 55

145 1205 331 1254 circum
366 1207 576 1254 claustra
611 1206 826 1253 fremunt
843 1223 856 1265 ς
904 1206 1035 1252 celsa
1070 1205 1210 1252 sedet
1245 1205 1432 1252 Aeolus
1468 1219 1581 1252 arce

146 1297 339 1350 sceptra
375 1296 547 1335 tenens
586 1285 847 1348 mollitque
882 1285 1076 1333 animos
1112 1294 1161 1333 et
1196 1294 1437 1347 temperat
1473 1284 1565 1333 iras
1582 1303 1598 1345 3

147 1368 198 1416 ni
235 1367 394 1427 faciat,
435 1367 586 1416 maria
621 1384 680 1415 ac
717 1376 865 1415 terras
902 1368 1197 1429 caelumque
1233 1367 1537 1429 profundum

147 1448 332 1512 quippe
367 1450 525 1497 ferant
560 1446 718 1510 rapidi
754 1464 924 1495 secum
960 1456 1254 1508 verrantque
1290 1463 1377 1508 per
1411 1463 1566 1494 auras.

147 1531 236 1578 sed
271 1539 407 1592 pater
443 1528 759 1591 omnipotens
796 1527 1044 1591 speluncis
1079 1527 1272 1577 abdidit
1307 1526 1421 1576 atris
1763 1534 1817 1574 60

147 1603 506 1659 hoc⁷metuens
544 1612 828 1672 molemque
864 1619 912 1658 et
950 1608 1133 1658 montis
1169 1608 1368 1671 insuper
1402 1610 1529 1657 altos

149 1691 397 1755 imposuit,
436 1708 701 1755 regemque
737 1690 876 1739 dedit
911 1690 998 1752 qui
1033 1691 1232 1738 foedere
1269 1699 1403 1739 certo

149 1782 198 1821 et
234 1790 454 1836 premere
491 1782 539 1821 et
575 1774 707 1821 laxas
744 1771 890 1820 sciret
924 1773 1042 1820 dare
1078 1771 1238 1819 iussus
1274 1771 1507 1822 habenas.

148 1856 218 1904 ad
249 1872 398 1917 quern
435 1864 541 1903 tum
578 1856 707 1902 Iuno
744 1855 950 1916 supplex
986 1852 1061 1901 his
1096 1851 1302 1901 vocibus
1338 1869 1427 1900 usa
1462 1862 1565 1900 est:
1766 1860 1820 1912 64

220 1937 417 1994 ‘Aeole,
456 1951 672 1997 namque
709 1933 799 1982 tibi
834 1933 1005 1983 divum
1039 1943 1176 1996 pater
1206 1942 1355 1996 atque
1391 1932 1653 1982 hominum
1689 1949 1772 1982 rex

150 2025 200 2065 et
235 2018 450 2064 mulcere
485 2016 623 2065 dedit
659 2018 838 2064 fluctus
874 2025 923 2064 et
959 2017 1128 2063 tollere
1163 2024 1327 2073 vento,

150 2114 270 2160 gens
307 2097 506 2145 inimica
543 2096 665 2144 mihi
701 2098 1013 2158 Tyrrhenum
1049 2095 1244 2158 navigat
1278 2111 1465 2157 aequor

154 2178 301 2226 Ilium
338 2178 388 2226 in
427 2177 620 2227 Italiam
655 2186 856 2239 portans
892 2176 1148 2238 victosque
1183 2175 1403 2238 penatis:

152 2259 318 2307 incute
353 2259 452 2307 vim
488 2257 646 2307 ventis
684 2274 1081 2319 summersasque
1117 2257 1272 2305 obrue
1308 2255 1502 2319 puppis,

152 2350 236 2389 aut
271 2358 361 2404 age
396 2339 615 2388 diversos
653 2349 701 2387 et
738 2338 892 2387 disice
928 2354 1136 2400 corpora
1170 2346 1338 2400 ponto.
1771 2355 1821 2398 70

154 2431 267 2470 sunt
304 2421 424 2468 mihi
460 2421 534 2469 bis
572 2430 762 2483 septem
799 2419 1066 2483 praestanti
1102 2435 1306 2481 corpore
1342 2419 1621 2481 Nymphae,

154 2519 362 2564 quarum
398 2518 525 2564 quae
561 2503 718 2549 forma
753 2500 1095 2564 pulcherrima,
1136 2499 1374 2562 Deiopea,

155 2582 372 2631 conubio
408 2581 607 2645 iungam
643 2581 806 2629 stabili
837 2580 1184 2644 propriamque
1220 2579 1414 2639 dicabo,

155 2662 318 2710 omnis
354 2672 407 2710 ut
442 2672 607 2710 tecum
644 2661 827 2710 meritis
862 2678 952 2724 pro
988 2661 1166 2711 talibus
1202 2678 1359 2710 annos

156 2744 314 2806 exigat
350 2753 398 2791 et
433 2744 637 2805 pulchra
674 2742 819 2791 faciat
855 2752 903 2791 te
940 2745 1077 2805 prole
1114 2744 1400 2805 parentem.'
1772 2760 1819 2802 75

271 2896 291 2901 ἃ
990 2872 1005 2894 2
1185 2872 1191 2878 .
1246 2871 1282 2878 ..
1647 2871 1654 2877 .
1791 2871 1799 2878 .

156 2885 264 2976 7¹8¹?
281 2871 587 2966 ggnoMniiianus
603 2939 612 2963 :
645 2873 943 2976 inpbiiiaatzdssret
966 2873 989 2911 b
1007 2871 1451 2977 ἄπ699ἴὲῗιῖξιαὸζξιεν,
1465 2884 1615 2977 ῥνοὸῒῗί
1632 2876 1823 2963 Ιῦῗιῗῗιῗὲὲ

159 2982 257 3031 1895
367 2994 419 3030 70
449 2980 509 3032 et]
533 2986 605 3019 aut
626 2979 678 3017 M
681 2979 694 3002 ¹
