2014 3372
258 145 310 191 P.
351 144 650 192 VERGILI
690 144 1018 194 MARONIS

256 284 471 334 invisum
508 302 711 345 numen,
751 294 901 334 terras
938 286 1233 348 caelumque
1269 286 1477 335 levabat.

324 370 432 417 Nec
469 368 633 416 minus
669 368 857 416 interea
893 377 1162 417 extremam
1199 367 1426 418 Saturnia
1460 368 1594 417 bello

254 449 468 513 imponit
504 448 671 512 regina
707 466 926 497 manum.
1001 450 1096 498 ruit
1132 449 1294 498 omnis
1331 449 1382 497 in
1419 450 1594 498 urbem

253 540 507 594 pastorum
546 548 605 579 ex
639 530 746 579 acie
782 548 1030 591 numerus,
1072 547 1343 593 caesosque
1379 539 1632 594 reportant

252 615 523 662 Almonem
561 630 771 677 puerum
807 613 1095 676 foedatique
1131 630 1217 661 ora
1254 611 1464 672 Galaesi,
1851 631 1929 675 575

251 694 619 759 implorantque
655 697 777 744 deos
814 696 1224 758 obtestanturque
1262 694 1509 743 Latinum.

251 779 450 826 Turnus
489 779 631 827 adest
668 777 938 841 medioque
974 777 1026 825 in
1063 776 1268 825 crimine
1305 776 1470 826 caedis
1507 786 1557 826 et
1590 776 1692 840 igni

250 867 486 909 terrorem
524 859 826 923 ingeminat:
879 863 1102 909 Teucros
1138 858 1190 907 in
1226 876 1376 923 regna
1409 859 1588 919 vocari,

249 940 450 1005 stirpem
488 941 751 991 admisceri
789 941 1066 1006 Phrygiam,
1105 958 1158 991 se
1194 940 1365 990 limine
1400 940 1530 1004 pelli.

249 1032 355 1071 tum
393 1041 606 1087 quorum
642 1024 883 1073 attonitae
920 1025 1122 1073 Baccho
1159 1040 1363 1072 nemora
1397 1022 1506 1071 avia
1541 1032 1721 1072 matres
1851 1032 1941 1084 580-

248 1104 487 1154 insultant
524 1105 694 1154 thiasis
734 1106 919 1172 (neque
955 1105 1090 1155 enim
1126 1108 1233 1154 leve
1269 1122 1455 1154 nomen
1491 1104 1724 1170 Amatae)

247 1187 472 1251 undique
508 1189 704 1238 collecti
741 1198 924 1238 coeunt
963 1191 1279 1251 Martemque
1315 1187 1532 1250 fatigant.

246 1268 379 1318 ilicet
415 1270 679 1320 infandum
715 1271 883 1320 cuncti
918 1280 1092 1320 contra
1127 1269 1296 1319 omina
1331 1269 1532 1329 bellum,

247 1361 421 1400 contra
457 1354 557 1401 fata
593 1354 745 1402 deum
781 1370 1012 1417 perverso
1049 1351 1254 1400 numine
1290 1359 1516 1416 poscunt.

246 1433 471 1482 certatim
507 1434 632 1497 regis
670 1435 990 1483 circumstant
1027 1443 1158 1483 tecta
1195 1432 1358 1482 Latini
1377 1451 1389 1492 ;
1846 1440 1924 1494 585

244 1514 326 1564 ille
362 1517 496 1564 velut
531 1516 692 1580 pelagi
713 1526 874 1580 ‘rupes
910 1516 1119 1565 immota
1153 1514 1345 1573 resistit,

244 1604 299 1643 ut
335 1596 495 1659 pelagi
532 1614 678 1660 rupes
715 1613 898 1660 magno
934 1596 1164 1645 veniente
1199 1597 1401 1659 fragore,

245 1694 373 1740 quae
411 1696 518 1727 sese
556 1679 722 1728 multis
760 1679 947 1728 circum
984 1677 1275 1727 latrantibus
1311 1676 1459 1725 undis

243 1762 376 1808 mole
413 1769 583 1822 tenet3
634 1760 826 1824 scopuli
862 1760 1168 1823 nequiquam
1206 1768 1255 1807 et
1291 1774 1498 1821 spumea
1533 1756 1719 1806 circum

243 1858 357 1890 saxa
393 1844 608 1891 fremunt
644 1843 883 1906 laterique
919 1842 1063 1891 inlisa
1098 1840 1373 1891 refunditur
1407 1842 1528 1904 alga.
1840 1859 1922 1903 590

242 1940 412 1971 verum
450 1924 537 1972 ubi
574 1926 709 1972 nulla
746 1926 890 1973 datur
927 1940 1133 1972 caecum
1170 1939 1461 1985 exsuperare
1497 1930 1717 1984 potestas

240 2004 517 2065 consilium,
559 2015 607 2054 et
644 2023 819 2054 saevae
855 2014 980 2053 nutu
1019 2004 1227 2053 Iunonis
1264 2011 1383 2052 eunt
1419 2019 1510 2062 res,

241 2088 395 2134 multa
432 2088 554 2136 deos
590 2104 833 2150 aurasque
869 2096 1008 2150 pater
1044 2095 1248 2135 testatus
1285 2083 1475 2132 inanis:

244 2167 541 2231 ‘frangimur
576 2170 674 2216 heu
712 2168 849 2216 fatis'
887 2167 1047 2231 inquit
1090 2167 1419 2229 ‘ferimurque
1454 2166 1700 2228 procella!

237 2246 331 2309 ipsi
368 2250 456 2296 has
493 2249 729 2312 sacrilego
767 2249 995 2312 pendetis
1035 2248 1273 2311 sanguine
1309 2264 1511 2311 poenas,
1836 2267 1914 2310 595

237 2345 268 2376 o
307 2329 483 2378 miseri.
558 2339 620 2390 te,
660 2333 842 2390 Turne,
884 2333 1034 2391 nefas,
1077 2340 1126 2379 te
1162 2330 1297 2379 triste
1334 2329 1555 2378 manebit

235 2410 548 2473 supplicium,
587 2411 814 2474 votisque
850 2413 973 2461 deos
1009 2413 1307 2461 venerabere
1343 2411 1474 2460 seris.

235 2508 352 2538 nam
389 2492 511 2540 mihi
546 2503 684 2555 parta
721 2493 875 2556 quies,
916 2494 1180 2557 omnisque
1215 2494 1267 2542 in
1303 2493 1473 2543 limine
1509 2503 1679 2557 portus

233 2573 405 2621 funere
441 2573 571 2621 felici
607 2574 820 2637 spolior.’
893 2594 986 2625 nec
1023 2579 1162 2641 plura
1199 2579 1392 2626 locutus

233 2654 414 2717 saepsit
451 2671 503 2703 se
540 2656 680 2704 tectis
719 2674 983 2721 rerumque
1018 2658 1214 2722 reliquit
1250 2659 1484 2707 habenas.
1829 2665 1911 2706 600

303 2738 418 2784 Mos
457 2746 557 2785 erat
597 2738 846 2801 Hesperio
883 2739 934 2786 in
973 2740 1128 2800 Latio,
1169 2757 1319 2803 quem
1355 2741 1578 2804 protinus
1615 2733 1761 2789 urbEs

287 2868 476 2916 571—585
498 2867 617 2917 MR;
640 2869 832 2918 586-593
854 2867 1015 2917 MRV3
1038 2872 1226 2919 594-601
1250 2869 1423 2909 FMRV
1578 2882 1654 2920 571
1689 2869 1846 2908 levavit
1865 2866 1910 2906 R

230 2935 294 2960 vv.
317 2922 507 2971 581·615
538 2923 673 2960 aliena
691 2936 837 2969 manu,
862 2922 935 2962 sed
950 2924 1140 2975 antiqua,
1157 2926 1324 2974 scriptos
1338 2923 1554 2963 exhibetM
1649 2924 1730 2973 589
1760 2929 1802 2962 et
1822 2935 1904 2962 om.

231 2974 346 3012 M2V
471 2987 550 3026 592
582 2978 760 3015 consilio
782 2976 848 3014 Μ)
978 2990 1059 3028 593
1089 2984 1270 3018 testatur
1289 2979 1457 3029 MR7m
1567 2979 1649 3028 598
1678 2978 1797 3030 nam]
1819 2989 1914 3018 non*

232 3028 493 3081 m2Ladew1g
602 3031 848 3084 omnisque]
872 3033 1105 3082 mortisque
1126 3032 1355 3072 Burmann
1801 3043 1804 3046 '
1871 3045 1874 3047 ·
1895 3042 1913 3049 ”
