2046 3380
1272 174 1693 227 GEORGICON
1732 178 1787 226 II

124 310 316 360 Iustitia
351 314 594 361 excedens
631 312 767 362 terris
803 312 1006 378 vestigia
1042 314 1170 363 fecit.

190 395 277 441 Me
312 409 428 442 vero
463 393 677 456 primum
714 396 885 443 dulces
921 404 1036 444 ante
1072 395 1241 444 omnia
1278 399 1471 457 Musae,
1704 415 1783 459 475

120 490 327 536 quarum
364 490 499 523 sacra
535 476 639 523 fero
675 474 861 538 ingenti
897 491 1156 538 percussus
1192 493 1377 537 amore,

118 554 363 617 accipiant
400 553 622 618 caelique
657 553 759 604 vias
795 565 844 604 et
880 555 1041 605 sidera
1075 567 1364 618 monstrent,

119 637 342 684 defectus
378 636 494 685 solis
530 636 688 685 varios
726 638 972 701 lunaeque
1008 638 1200 687 labores
1217 656 1232 700 ,-

118 719 252 766 unde
289 727 470 766 tremor
506 717 656 778 terris,
699 735 798 781 qua
832 719 879 767 vi
917 719 1069 768 maria
1104 722 1202 768 alta
1236 730 1515 770 tumescant

119 798 346 847 obicibus
383 798 536 862 ruptis
573 814 837 862 rursusque
873 799 924 848 in
961 817 1014 849 se
1050 800 1157 863 ipsa
1191 801 1423 862 residant,
1705 813 1787 864 480

118 879 239 943 quid
277 889 469 928 tantum
508 881 713 929 Oceano
750 891 1015 944 properent
1052 899 1104 930 se
1140 882 1327 946 tingere
1363 885 1502 942 soles⁴

117 959 324 1019 hiberni,
362 961 439 1008 vel
475 976 602 1022 quae
639 960 789 1009 tardis
826 978 964 1009 mora
1000 962 1230 1011 noctibus
1267 964 1442 1011 obstet.

117 1039 192 1088 sin
228 1041 316 1088 has
352 1057 415 1089 ne
450 1040 635 1103 possim
673 1050 875 1090 naturae
910 1044 1147 1091 accedere
1181 1043 1331 1106 partis

115 1120 317 1185 frigidus
354 1121 596 1171 obstiterit
633 1122 817 1172 circum
855 1124 1142 1186 praecordia
1179 1125 1388 1189 sanguis,

117 1220 227 1251 rura
263 1203 384 1251 mihi
421 1213 469 1252 et
505 1203 627 1267 rigui
665 1206 893 1267 placeant
930 1206 981 1254 in
1017 1206 1225 1255 vallibus
1261 1223 1446 1267 amnes,
1703 1219 1783 1269 485

115 1283 321 1332 flumina
356 1301 520 1332 amem
558 1284 802 1348 silvasque
840 1285 1085 1349 inglorius.
1160 1304 1191 1335 o
1227 1287 1313 1335 ubi
1350 1287 1513 1351 campi

116 1366 491 1428 Spercheusque
526 1375 576 1414 et
611 1353 878 1429 virginibus
915 1368 1156 1416 bacchata
1191 1369 1431 1417 Lacaenis

114 1448 365 1510 Taygeta!
414 1463 444 1495 o
482 1446 566 1510 qui
602 1464 683 1495 me
718 1447 891 1511 gelidis
927 1447 1233 1497 convallibus
1270 1450 1455 1498 Haemi

115 1527 265 1587 sistat,
306 1537 355 1576 et
391 1526 578 1591 ingenti
615 1545 863 1577 ramorum
901 1538 1122 1593 protegat
1158 1531 1362 1579 umbra!

114 1608 228 1657 felix
255 1608 349 1672 qui
384 1609 545 1672 potuit
582 1626 743 1658 rerum
782 1627 1080 1674 cognoscere
1115 1628 1302 1671 causas,
1426 1615 1428 1617 ’
1701 1636 1784 1677 490

113 1698 262 1752 atque
299 1699 459 1738 metus
497 1690 659 1739 omnis
696 1699 744 1739 et
781 1690 1079 1740 inexorabile
1115 1694 1271 1740 fatum

114 1770 323 1819 subiecit
359 1771 570 1834 pedibus
608 1771 965 1835 strepitumque
1001 1773 1298 1822 Acherontis
1334 1775 1477 1824 avari.

113 1853 388 1900 fortunatus
425 1861 474 1900 et
509 1851 590 1902 ille
626 1855 747 1902 deos
784 1852 870 1915 qui
905 1852 1043 1901 novit
1078 1854 1278 1917 agrestis

115 1934 350 1995 Panaque
388 1932 740 1997 Silvanumque
777 1951 947 1983 senem
985 1936 1344 1998 Nymphasque
1381 1953 1584 1987 sorores.

113 2012 251 2061 illum
288 2031 390 2062 non
426 2015 599 2077 populi
634 2017 805 2075 fasces,
845 2032 946 2064 non
983 2033 1198 2079 purpura
1233 2034 1403 2081 regum
1699 2040 1779 2081 495

112 2094 244 2142 flexit
280 2104 328 2143 et
364 2094 544 2144 infidos
579 2096 768 2159 agitans
806 2096 1053 2145 discordia
1088 2099 1270 2158 fratres,

111 2184 196 2223 aut
233 2175 488 2225 coniurato
525 2178 835 2226 descendens
875 2180 1042 2226 Dacus
1079 2179 1142 2227 ab
1181 2178 1368 2239 Histro,

110 2273 213 2305 non
249 2274 324 2306 res
363 2260 622 2308 Romanae
657 2259 969 2322 perituraque
1004 2277 1153 2324 regna
1170 2278 1183 2321 3
1230 2277 1392 2324 neque
1427 2261 1509 2310 ille

109 2348 196 2387 aut
231 2339 388 2388 doluit
424 2340 660 2390 miserans
697 2341 900 2405 inopem
936 2351 1021 2390 aut
1057 2342 1232 2391 invidit
1268 2343 1484 2392 habenti.

111 2436 236 2482 quos
273 2421 394 2469 rami
430 2424 629 2484 fructus,
669 2440 794 2486 quos
832 2422 938 2486 ipsa
973 2423 1189 2472 volentia
1225 2441 1335 2472 rura
1700 2445 1781 2484 500

111 2511 287 2564 sponte
322 2505 476 2552 tulere
512 2521 613 2564 sua,
653 2504 844 2568 carpsit,
884 2521 977 2553 nec
1013 2506 1167 2553 ferrea
1192 2504 1308 2553 iura

110 2582 440 2647 insanumque
476 2586 637 2634 forum
673 2596 758 2635 aut
794 2586 967 2649 populi
1004 2585 1242 2634 tabularia
1277 2585 1412 2634 vidit.

111 2663 374 2712 sollicitant
409 2665 491 2713 alii
527 2666 672 2715 remis
708 2669 831 2715 freta
867 2684 1027 2726 caeca,
1068 2676 1316 2730 ruuntque

110 2744 161 2792 in
197 2747 390 2805 ferrum,
430 2756 689 2808 penetrant
723 2750 859 2796 aulas
897 2758 944 2796 et
982 2747 1153 2796 limina
1188 2765 1356 2811 regum
1374 2767 1388 2808 3

165 2886 354 2923 474-504
380 2873 510 2912 MPR
702 2877 782 2924 476
812 2875 1031 2925 perculsus
1056 2876 1110 2914 M
1112 2875 1219 2927 2γῖὁε
1405 2876 1485 2924 488
1519 2876 1778 2915 convallibus

110 2925 184 2968 M:
217 2929 488 2967 convallimus
503 2928 567 2967 P:
600 2929 642 2966 in
659 2930 835 2968 vallibus
850 2929 1012 2980 R7b02⁷r
1141 2943 1216 2980 491
1251 2929 1524 2969 ineluctabile
1544 2930 1587 2968 R

169 3005 299 3035 vene.
1641 2995 1672 3037 5
