2014 3372
1350 147 1495 194 AEN
1501 147 1711 196 EIDOS
1752 147 1806 195 II

143 288 391 338 contorsit.
465 287 597 337 stetit
632 287 715 336 illa
750 295 979 347 tremens,
1019 295 1259 350 uteroque
1293 303 1493 335 recusso

142 371 405 421 insonuere
442 382 590 420 cavae
625 369 964 434 gemitumque
1001 370 1183 418 dedere
1217 385 1467 417 cavernae.

143 462 204 512 et,
245 452 284 500 si
321 453 418 500 fata
454 452 617 510 deum,
658 450 698 498 si
734 467 874 498 mens
912 466 1014 498 non
1050 451 1188 498 laeva
1222 448 1405 508 fuisset,

143 533 402 597 impulerat
437 535 563 581 ferro
598 532 852 596 Argolicas
888 533 1088 580 foedare
1124 531 1346 590 latebras,
1758 551 1806 590 55

143 614 391 677 Troiaque
428 631 560 662 nunc
597 623 757 673 staret,
799 612 1079 676 Priamique
1114 629 1197 660 arx
1232 615 1331 661 alta
1366 628 1602 660 maneres.

212 698 357 755 Ecce,
397 712 572 743 manus
609 694 839 744 iuvenem
875 694 1061 743 interea
1095 703 1207 757 post
1243 703 1376 757 terga
1411 692 1683 741 revinctum

143 786 360 840 pastores
399 793 577 839 magno
613 777 677 824 ad
713 792 878 838 regem
914 777 1130 823 clamore
1165 774 1426 822 trahebant

146 856 474 923 Dardanidae,
515 855 599 919 qui
636 873 688 904 se
723 855 948 918 ignotum
984 854 1296 904 venientibus
1333 856 1474 913 ultro,

143 940 240 987 hoc
277 939 438 1001 ipsum
475 948 528 987 ut
565 947 768 987 strueret
805 937 1106 1000 Troiamque
1142 937 1349 1000 aperiret
1384 935 1602 994 Achivis,
1758 942 1810 984 60

144 1020 401 1079 obtulerat,
441 1021 600 1068 fidens
636 1019 788 1067 animi
823 1028 971 1082 atque
1007 1018 1059 1066 in
1094 1027 1358 1081 utrumque
1394 1026 1605 1080 paratus,

145 1117 231 1149 seu
267 1117 456 1149 versare
493 1102 635 1149 dolos
672 1117 759 1149 seu
796 1109 956 1148 certae
993 1100 1290 1151 occumbere
1328 1098 1487 1147 morti.

144 1181 367 1243 undique
403 1181 596 1229 visendi
632 1181 797 1230 studio
835 1181 1050 1229 Troiana
1086 1180 1314 1229 iuventus

146 1261 438 1310 circumfusa
474 1262 568 1310 ruit
604 1271 890 1325 certantque
927 1261 1150 1310 inludere
1187 1270 1345 1324 capto.

144 1343 313 1405 accipe
351 1359 483 1391 nunc
522 1345 754 1391 Danaum
790 1342 992 1391 insidias
1029 1352 1078 1391 et
1114 1341 1318 1391 crimine
1354 1342 1418 1390 ab
1454 1358 1557 1390 uno
1759 1349 1809 1402 65

145 1423 280 1473 disce
316 1423 490 1472 omnis.

145 1523 360 1568 namque
396 1515 450 1553 ut
487 1514 758 1568 conspectu
794 1504 845 1552 in
883 1504 1049 1553 medio
1086 1504 1323 1563 turbatus,
1362 1503 1574 1563 inermis,

145 1586 364 1635 constitit
399 1595 548 1649 atque
584 1585 740 1634 oculis
777 1585 986 1648 Phrygia
1020 1584 1216 1649 agmina
1251 1584 1625 1648 circumspexit:

150 1670 289 1727 ‘heu‚
331 1685 456 1730 quae
493 1685 573 1716 me
610 1669 780 1715 tellus'
816 1667 976 1730 inquit
1017 1671 1172 1730 ‘quae
1209 1684 1289 1715 me
1324 1684 1539 1729 aequora
1575 1675 1782 1729 possunt

145 1749 404 1811 accipere?
452 1758 536 1797 aut
572 1748 693 1811 quid
730 1748 827 1797 iam
864 1748 1042 1797 misero
1080 1748 1200 1796 mihi
1237 1748 1454 1811 denique
1490 1757 1651 1807 restat,
1765 1767 1813 1809 70

146 1830 225 1879 cui
262 1847 425 1893 neque
462 1832 596 1894 apud
635 1833 838 1878 Danaos
875 1847 1085 1893 usquam
1121 1832 1273 1890 locus,
1314 1839 1362 1878 et
1398 1847 1544 1892 super
1579 1829 1672 1892 ipsi

148 1912 464 1961 Dardanidae
502 1911 679 1960 infensi
715 1929 901 1974 poenas
938 1929 1052 1960 cum
1089 1911 1326 1975 sanguine
1361 1920 1575 1974 poscunt
1591 1913 1628 1960 ?'

147 2011 247 2056 quo
282 1994 467 2057 gemitu
505 1994 727 2043 conversi
763 1993 915 2042 animi
950 2010 1260 2056 compressus
1297 2003 1345 2042 et
1381 1992 1543 2041 omnis

147 2074 372 2138 impetus.
447 2077 699 2123 hortamur
735 2074 823 2122 fari
859 2091 958 2136 quo
996 2074 1232 2136 sanguine
1268 2083 1440 2133 cretus,

148 2156 329 2218 quidve
366 2158 521 2217 ferat3
570 2165 810 2204 memoret
847 2172 974 2218 quae
1011 2154 1071 2203 sit
1107 2154 1289 2203 fiducia
1325 2164 1482 2218 capto.
1765 2174 1813 2217 75

150 2235 250 2303 [ille
286 2240 408 2287 haec
445 2239 670 2303 deposita
707 2240 910 2286 tandem
946 2236 1209 2286 formidine
1245 2235 1421 2302 faturz]

220 2321 445 2369 ‘Cuncta
481 2321 714 2383 equidem
753 2320 854 2379 tibi,
897 2337 992 2379 rex,
1032 2319 1176 2367 fuerit
1219 2321 1585 2382 quodcumque,
1625 2319 1817 2368 fatebor

147 2402 289 2459 vera,'
326 2401 484 2464 inquit
502 2420 516 2462 ;
566 2406 755 2466 ‘neque
793 2419 872 2451 me
911 2399 1141 2463 Argolica
1178 2401 1240 2448 de
1275 2409 1422 2463 gente
1458 2401 1650 2463 negabo
1667 2419 1680 2461 3

148 2483 245 2530 hoc
281 2483 528 2545 primum3
576 2502 682 2544 nec,
723 2485 762 2533 si
800 2485 1033 2534 miserum
1075 2485 1272 2532 fortuna
1308 2482 1542 2530 Sinonem

148 2564 297 2625 finxit,
338 2583 519 2615 vanum
557 2566 705 2615 etiam
743 2570 1138 2630 mendacemque
1176 2565 1403 2628 improba
1437 2566 1600 2627 finget.
1764 2574 1815 2611 80

203 2706 336 2742 52--72
358 2694 512 2743 MPR;
536 2708 669 2746 73—79
685 2695 796 2746 MP;
819 2700 872 2737 80
893 2696 1024 2735 MPV
1190 2700 1243 2747 56
1274 2703 1407 2737 staret
1428 2695 1481 2734 M
1499 2694 1813 2742 Canonicianus,

147 2748 332 2799 agnoscit
350 2747 481 2788 Seru:
513 2756 649 2789 stares
669 2750 852 2802 PRybcrr
866 2752 1163 2802 grammatici:
1196 2758 1390 2791 maneret
1413 2750 1463 2788 M
1466 2750 1481 2771 ²
1502 2749 1773 2787 Mentelianus
1793 2747 1819 2785 I

151 2802 456 2841 Canonicianus
564 2816 617 2853 59
645 2802 738 2854 quis
758 2805 872 2845 Serv.
1001 2808 1053 2844 62
1082 2811 1254 2846 versare
1278 2807 1372 2845 dolo
1393 2806 1415 2842 b
1436 2803 1600 2842 Nonius
1618 2803 1733 2842 Serv.
1760 2801 1818 2840 ad

148 2857 259 2895 hunc
276 2858 408 2896 locum
520 2864 635 2897 certe
655 2858 815 2910 MP²7b
904 2873 1127 2900 occurrere
1147 2861 1204 2898 Pl
1333 2863 1386 2911 65
1408 2861 1568 2900 crimen
1582 2875 1609 2897 π
1621 2858 1815 2895 Donatus

151 2922 200 2958 75
229 2913 356 2960 quive
388 2913 489 2961 suat,
516 2925 726 2952 memores
756 2913 926 2952 Ribbeck
1066 2915 1229 2964 762iii.
1253 2917 1334 2954 612
1354 2928 1438 2956 om.
1469 2914 1522 2951 M
1525 2913 1632 2964 1Ριγό
1763 2924 1812 2960 77

149 2964 306 3004 fuerint
320 2979 601 3017 quaecunque
621 2967 679 3005 Pl
702 2968 812 3018 (teste
831 2967 993 3020 Hemy)
1014 2968 1175 3019 7²c¹mvr
