2014 3372
242 159 293 206 P.
335 160 633 209 VERGILI
673 159 998 209 MARONIS

240 300 426 350 dixerat
462 302 598 361 haec,
638 299 797 363 adytis
835 316 950 349 cum
988 299 1205 349 lubricus
1243 306 1416 364 anguis
1454 299 1517 349 ab
1554 298 1665 349 imis
1739 317 1742 320 ·

240 391 430 445 septem
466 382 639 446 ingens
676 398 832 445 gyros,
874 390 1080 445 septena
1115 380 1369 430 volumina
1405 380 1546 430 traxit

238 467 493 527 amplexus
530 463 725 527 placide
763 466 1011 512 tumulum
1049 466 1314 527 lapsusque
1351 480 1438 527 per
1473 480 1594 524 aras,

238 548 492 595 caeruleae
528 545 609 594 cui
645 554 778 610 terga
815 554 962 596 notae
999 547 1281 594 maculosus
1318 554 1367 593 et
1402 562 1523 594 auro

238 644 496 691 squamam
533 627 835 677 incendebat
871 630 1042 691 fulgor,
1083 644 1175 676 ceu
1213 626 1430 677 nubibus
1467 643 1608 676 arcus

237 709 371 759 mille
407 709 522 759 iacit
557 709 716 759 varios
752 711 961 759 adverso
998 711 1102 759 sole
1141 712 1343 759 colores.

237 791 476 856 obstipuit
512 791 619 840 visu
655 794 865 841 Aeneas.
946 790 1027 840 ille
1064 790 1260 855 agmine
1299 793 1448 855 longo

236 877 439 924 tandem
476 874 602 924 inter
637 884 829 938 pateras
866 884 915 924 et
951 874 1077 924 levia
1114 876 1293 938 pocula
1332 891 1532 938 serpens

236 956 505 1021 libavitque
541 959 694 1020 dapes
732 974 997 1021 rursusque
1035 956 1264 1005 innoxius
1302 955 1405 1005 imo

236 1038 473 1088 successit
509 1041 701 1087 tumulo
737 1048 786 1088 et
822 1041 1028 1102 depasta
1064 1037 1233 1087 altaria
1268 1036 1422 1101 liquit.

235 1122 332 1170 hoc
369 1120 523 1185 magis
559 1120 784 1184 inceptos
821 1120 1029 1185 genitori
1066 1120 1303 1169 instaurat
1339 1122 1566 1182 honoreS,

234 1202 449 1252 incertus
485 1203 753 1266 geniumne
789 1203 886 1252 loci
923 1204 1230 1251 famulumne
1267 1203 1482 1266 parentis

235 1302 342 1334 esse
378 1294 519 1348 putet
535 1304 549 1347 3
598 1285 759 1335 caedit
794 1285 937 1334 binas
974 1286 1038 1334 de
1075 1302 1212 1334 more
1247 1284 1464 1335 bidentis

234 1375 408 1430 totque
445 1384 571 1427 sues,
611 1367 820 1417 totidem
857 1366 1092 1432 nigrantis
1130 1377 1264 1430 terga
1300 1367 1549 1428 iuvencos,

234 1448 448 1512 vinaque
483 1450 726 1498 fundebat
762 1449 941 1512 pateris
978 1449 1297 1512 animamque
1333 1450 1543 1498 vocabat

234 1531 485 1581 Anchisae
522 1531 689 1595 magni
725 1531 986 1595 manisque
1023 1533 1308 1581 Acheronte
1345 1532 1587 1582 remissos.

235 1630 327 1662 nec
364 1630 467 1663 non
505 1622 553 1662 et
590 1613 724 1673 socii,
765 1630 893 1677 quae
930 1612 1109 1676 cuique
1147 1622 1220 1663 est
1257 1613 1415 1677 copia,
1454 1613 1569 1663 laeti

234 1697 369 1745 dona
403 1698 580 1755 ferunt,
621 1704 828 1744 onerant
864 1712 969 1744 aras
1008 1704 1325 1759 mactantque
1363 1695 1598 1745 iuvencos
1616 1713 1630 1756 3

234 1777 407 1827 ordine
444 1780 570 1826 aena
605 1779 772 1826 locant
807 1776 889 1825 alii
926 1776 1121 1841 fusique
1156 1794 1244 1840 per
1279 1778 1486 1826 herbam

234 1859 484 1908 subiciunt
521 1859 716 1908 veribus
754 1876 935 1922 prunas
972 1868 1020 1907 et
1056 1858 1242 1908 viscera
1278 1868 1475 1908 torrent.

303 1943 601 2003 Exspectata
636 1941 742 1989 dies
778 1941 950 1989 aderat
984 1957 1270 2003 nonamque
1307 1957 1479 1989 serena

233 2025 476 2072 Auroram
515 2022 839 2071 Phaethontis
876 2021 991 2085 equi
1027 2022 1126 2070 iarn
1162 2024 1273 2071 luce
1309 2023 1571 2081 vehebant,

231 2106 462 2167 famaque
499 2103 736 2152 finitimos
773 2112 821 2152 et
858 2103 974 2152 clari
1010 2120 1195 2152 nomen
1232 2106 1444 2152 Acestae

232 2185 475 2235 excierat:
524 2187 654 2235 laeto
691 2187 999 2248 complerant
1035 2185 1176 2234 litora
1214 2194 1360 2234 coetu

230 2267 377 2316 visuri
415 2269 693 2327 Aeneadas,
732 2284 843 2330 pars
881 2276 930 2316 et
965 2276 1150 2316 certare
1187 2266 1355 2330 parati.

231 2367 436 2399 munera
473 2349 716 2413 principio
752 2358 868 2397 ante
905 2350 1077 2398 oculos
1115 2348 1346 2411 circoque
1382 2349 1608 2397 locantur

230 2433 280 2481 in
319 2434 498 2493 medio,
540 2433 664 2482 sacri
700 2433 919 2496 tripodes
957 2432 1238 2495 viridesque
1275 2449 1488 2481 coronae

230 2524 278 2564 et
315 2517 508 2579 palmae
544 2515 756 2578 pretium
793 2515 1076 2575 victoribus,
1114 2531 1351 2577 armaque
1387 2523 1436 2563 et
1471 2522 1605 2563 ostro

229 2598 454 2659 perfusae
489 2605 663 2656 vestes,
704 2596 891 2661 argenti
928 2596 1133 2659 aurique
1169 2597 1445 2655 talentum3

230 2687 278 2726 et
314 2678 435 2727 tuba
471 2678 763 2727 commissos
805 2678 972 2727 medio
1011 2677 1142 2726 canit
1177 2693 1351 2741 aggere
1387 2678 1546 2726 ludos.

1857 810 1914 853 90

1856 1223 1910 1263 95

1832 1633 1911 1663 100

1829 2039 1907 2081 105

1828 2450 1907 2480 110

283 2811 335 2859 84
366 2812 420 2860 98
442 2809 643 2858 MPRV;
673 2808 838 2859 99-108
859 2807 1015 2857 MPR3
1052 2819 1240 2857 109-113
1261 2805 1427 2845 FMPR
1549 2806 1601 2855 87
1623 2805 1713 2845 auri
1725 2803 1904 2844 Klouffek

228 2865 280 2917 89
311 2865 429 2917 iacit]
455 2866 584 2904 trahit
607 2864 796 2915 R7²abcrr
925 2876 978 2913 93
1010 2863 1161 2911 linquit
1182 2861 1298 2899 M1m
1441 2862 1495 2911 96
1525 2861 1664 2900 caedit
1685 2861 1805 2899 binas
1826 2858 1900 2898 M:

228 2921 451 2970 caeditque
484 2920 605 2958 binas
636 2919 703 2957 R:
746 2923 898 2957 mactat
929 2918 1049 2956 binas
1065 2916 1120 2957 D.
1139 2917 1256 2956 Serv.
1278 2915 1338 2955 ad
1357 2916 1412 2955 iv.
1434 2928 1542 2954 200:
1577 2914 1717 2954 caedit
1747 2914 1901 2965 quinas

227 2974 484 3026 PVyabcmn
507 2973 671 3012 Nonius
684 2972 799 3013 Serv.
813 2972 874 3011 ad
889 2987 924 3012 v.
941 2973 992 3021 78
1115 2984 1166 3021 97
1189 2970 1356 3022 totque]
1370 2976 1497 3020 atque
1505 2969 1684 3008 Klouzek

229 3029 496 3079 complebant
526 3027 577 3065 M
746 3040 820 3065 112
852 3027 1011 3067 talenta
1031 3025 1196 3064 FRbcm
1218 3024 1334 3065 Serv.
1355 3023 1527 3063 Ribbeck

1824 2980 1899 3017 107
