2014 3372
223 149 276 197 P.
320 150 618 198 VERGILI
658 149 984 198 MARONIS

225 292 472 353 mellaque
508 288 830 337 harundineis
866 288 1046 337 inferre
1080 286 1346 347 canalibus,
1387 288 1516 336 ultro

222 373 507 420 hortantem
543 380 592 418 et
627 372 779 418 fessas
815 370 880 417 ad
915 369 1099 431 pabula
1131 378 1250 417 nota
1285 377 1559 416 vocantem.

222 452 441 515 proderit
479 461 528 500 et
565 460 767 499 tunsum
803 452 960 514 gallae
996 449 1269 498 admiscere
1305 466 1532 512 saporem

219 532 503 595 arentisque
539 548 687 591 rosas,
728 540 814 580 aut
850 530 951 594 igni
987 529 1188 594 pinguia
1226 532 1383 578 multo

220 615 415 662 defruta
450 615 529 661 vel
566 612 747 676 psithia
784 628 955 675 passos
994 613 1058 660 de
1095 611 1193 660 vite
1229 627 1465 670 racemos,

223 694 626 757 Cecropiumque
663 695 890 756 thymum
929 702 977 741 et
1012 709 1158 756 grave
1195 691 1379 740 olentia
1415 701 1690 741 centaurea„

221 786 295 824 est
332 776 482 824 etiam
520 777 611 824 flos
648 774 701 823 in
736 773 885 837 pratis
924 773 1005 822 cui
1041 789 1230 822 nomen
1266 775 1447 822 amello

220 859 382 906 fecere
418 856 676 921 agricolae,
716 856 872 904 facilis
910 854 1261 919 quaerentibus
1299 855 1453 904 herba
1469 874 1483 916 3

220 956 440 1003 namque
477 956 579 988 uno
616 938 870 1002 ingentem
907 937 1034 986 tollit
1071 938 1135 986 de
1173 937 1389 999 caespite
1424 936 1598 985 silvam

219 1038 398 1070 aureus
437 1020 555 1084 ipse,
597 1022 688 1069 sed
723 1019 775 1068 in
811 1019 954 1079 foliis,
996 1035 1125 1082 quae
1161 1018 1373 1081 plurima
1409 1018 1595 1067 circum

220 1104 509 1163 funduntur,
550 1102 710 1152 violae
747 1102 974 1150 sublucet
1011 1117 1228 1164 purpura
1265 1100 1429 1164 nigrae
1447 1119 1462 1160 3

220 1201 370 1248 saepe
406 1187 559 1234 deum
597 1184 733 1233 nexis
771 1192 975 1232 ornatae
1013 1182 1272 1245 torquibus
1309 1199 1457 1242 arae,

219 1283 364 1329 asper
399 1266 451 1314 in
488 1283 571 1315 ore
608 1282 784 1329 sapor,
832 1263 987 1313 tonsis
1025 1263 1076 1311 in
1113 1263 1322 1312 vallibus
1358 1263 1497 1312 illum

221 1358 442 1411 pastores
480 1358 528 1397 et
565 1365 713 1397 curva
749 1349 918 1410 legunt
956 1363 1110 1410 prope
1149 1345 1355 1394 flumina
1392 1347 1588 1395 Mellae.

222 1429 368 1479 huius
406 1431 615 1478 odorato
652 1428 842 1477 radices
880 1428 1096 1491 incoque
1138 1429 1339 1476 Baccho

223 1512 507 1575 pabulaque
542 1510 594 1559 in
630 1509 818 1559 foribus
856 1509 1016 1572 plenis
1056 1526 1255 1572 appone
1293 1507 1528 1557 canistris.

292 1594 391 1642 Sed
428 1592 468 1640 si
505 1609 656 1656 quem
693 1593 855 1655 proles
894 1590 1059 1639 subito
1100 1589 1336 1639 defecerit
1372 1589 1549 1649 omnis,

224 1691 317 1723 nec
353 1691 508 1738 genus
546 1675 681 1722 unde
718 1689 877 1722 novae
915 1671 1076 1735 stirpis
1117 1681 1373 1720 revocetur
1408 1670 1626 1729 habebit,

224 1767 421 1819 tempus
458 1765 506 1804 et
542 1754 744 1804 Arcadii
782 1755 1105 1803 memoranda
1144 1753 1344 1802 inventa
1381 1751 1597 1816 magistri

224 1839 456 1901 pandere,
497 1853 699 1900 quoque
736 1838 890 1885 modo
929 1835 1083 1884 caesis
1121 1834 1220 1883 iam
1257 1851 1405 1897 saepe
1440 1833 1660 1883 iuvencis

225 1919 498 1971 insincerus
535 1935 652 1981 apes
691 1917 855 1967 tulerit
895 1934 1050 1966 cruor.
1126 1917 1270 1965 altius
1307 1932 1510 1965 omnem

225 2000 486 2064 expediam
523 2000 681 2064 prima
717 2008 944 2062 repetens
983 1999 1047 2047 ab
1085 1997 1272 2061 origine
1307 1999 1504 2046 famam.

226 2100 343 2131 nam
380 2100 478 2146 qua
515 2081 698 2131 Pellaei
733 2098 853 2145 gens
893 2083 1140 2130 fortunata
1178 2079 1375 2143 Canopi

225 2165 405 2214 accolit
441 2166 597 2213 effuso
634 2173 946 2227 stagnantem
983 2162 1189 2210 flumine
1227 2161 1398 2211 Nilum

226 2256 275 2295 et
311 2246 497 2295 circum
533 2245 676 2308 pictis
713 2244 906 2293 vehitur
941 2261 1030 2292 sua
1066 2260 1175 2291 rura
1210 2243 1438 2306 phaselis,

226 2344 425 2391 quaque
461 2329 769 2390 pharetratae
805 2324 985 2374 vicinia
1025 2324 1238 2373 Persidis
1275 2333 1427 2388 urget,

226 2419 276 2458 et
311 2409 504 2458 diversa
539 2425 685 2457 ruens
722 2417 914 2470 septem
953 2406 1181 2455 discurrit
1216 2405 1267 2454 in
1305 2423 1391 2454 ora

227 2500 276 2539 et
312 2490 518 2539 viridem
554 2492 837 2553 Aegyptum
876 2488 1013 2552 nigra
1050 2488 1285 2536 fecundat
1321 2488 1517 2546 harena,

227 2588 385 2634 usque
422 2570 649 2620 coloratis
686 2570 846 2619 amnis
885 2572 1101 2619 devexus
1138 2570 1201 2617 ab
1241 2567 1395 2627 Indis,

227 2652 389 2701 omnis
426 2652 476 2700 in
513 2654 606 2700 hae
643 2662 827 2700 certam
865 2652 998 2716 regio
1036 2651 1151 2700 iacit
1186 2659 1288 2699 arte
1325 2651 1547 2698 salutem.

227 2733 428 2800 exiguus
466 2733 680 2797 primum
717 2743 866 2796 atque
904 2733 1037 2796 ipsos
1076 2741 1356 2781 contractus
1394 2731 1444 2779 in
1481 2747 1598 2779 usus

282 2867 471 2916 265—295
494 2864 625 2904 MPR
847 2868 927 2915 278
949 2865 1012 2919 et]
1035 2879 1088 2904 en
1110 2864 1180 2902 Ml
1289 2864 1445 2916 prope]
1467 2877 1546 2913 per
1565 2861 1609 2901 P

1822 293 1899 346 265

1823 710 1903 754 ²70

1825 1117 1901 1161 ²75

1825 1517 1906 1556 280

1827 1924 1902 1975 285

1782 2357 1785 2360 ,
1826 2342 1906 2384 ²90

1763 2448 1765 2450 .
1826 2425 1903 2467 292
1984 2451 1996 2458 ,

1826 2504 1900 2547 ²91

1772 2586 1903 2630 “²93

1825 2750 1899 2791 295

1725 2862 1807 2900 280
1826 2873 1901 2899 ex·
1925 2855 1928 2858 ¹

227 2932 342 2969 pone
365 2920 405 2958 R
580 2921 659 2959 282
682 2921 860 2960 habebis
876 2920 957 2959 Pb¹
1136 2932 1328 2970 290-293
1348 2919 1423 2957 hoc
1438 2917 1577 2957 ordine
1593 2915 1778 2968 exhibent
1794 2913 1900 2966 My:

227 2987 320 3023 290,
349 2988 442 3024 292,
473 2979 565 3025 293,
597 2988 674 3024 291
705 2975 771 3013 R:
807 2988 898 3025 290,
928 2988 1021 3027 291,
1050 2988 1143 3025 292,
1172 2987 1254 3024 293
1277 2974 1371 3013 Pbc.
1401 2973 1476 3011 alii
1498 2972 1579 3010 alia
1603 2969 1904 3023 temptaverunt

228 3041 311 3080 290
341 3029 516 3082 vicinia]
539 3030 727 3069 confinia
746 3030 913 3079 Bentley
1065 3041 1144 3079 295
1176 3029 1218 3067 in
1240 3027 1373 3066 M1P:
1405 3027 1458 3066 ad
1480 3024 1666 3077 M²R7bc
