2046 3380
231 144 288 191 P.
332 142 630 192 VERGILI
671 143 998 193 MARONIS

235 299 328 331 nec
366 281 602 332 moritura
639 298 786 345 super
823 281 1011 331 crudeli
1047 283 1219 331 funere
1256 281 1405 346 virgo.

235 362 356 426 quid
393 365 560 426 lynces
598 362 785 411 Bacchi
821 362 983 411 variae
1019 372 1070 412 et
1103 379 1259 427 genus
1296 381 1408 413 acre
1444 365 1675 427 luporum

233 453 384 507 atque
420 446 639 492 canum?
676 443 797 508 quid
828 461 957 507 quae
987 444 1212 494 imbelles
1249 447 1374 494 dant
1407 445 1594 509 proelia
1627 445 1798 495 cervi?
1835 454 1911 508 265

234 525 420 574 scilicet
455 534 572 574 ante
609 525 771 574 omnis
809 527 941 575 furor
977 535 1051 575 est
1088 525 1292 590 insignis
1333 544 1607 590 equarum3

234 616 283 656 et
319 616 539 655 mentem
576 609 749 656 Venus
786 607 894 671 ipsa
930 607 1081 668 dedit,
1126 625 1227 672 quo
1266 618 1490 672 tempore
1536 608 1712 658 Glauci

235 687 503 737 Potniades
542 688 682 736 malis
720 689 944 738 membra
982 690 1305 753 absumpsere
1345 692 1624 756 quadrigae.

234 769 340 818 illas
377 769 514 818 ducit
553 786 692 818 amor
730 779 862 819 trans
903 772 1120 835 Gargara
1159 781 1392 836 transque
1429 784 1691 823 sonantem

233 851 506 900 Ascanium
525 871 539 913 3
589 861 823 915 superant
860 852 1044 902 montis
1085 862 1133 902 et
1170 854 1377 904 flumina
1418 865 1626 906 tranant.
1839 874 1918 918 270

234 933 575 997 continuoque
611 933 768 983 avidis
806 934 892 984 ubi
932 935 1132 984 subdita
1178 938 1380 985 flamma
1416 937 1646 987 medullis

236 1015 368 1080 (vere
405 1014 574 1079 magis,
615 1015 732 1079 quia
767 1033 880 1065 vere
918 1018 1052 1065 calor
1093 1017 1220 1066 redit
1259 1018 1474 1084 ossibus)
1512 1019 1624 1068 illae

234 1114 318 1146 ore
355 1114 529 1146 omnes
566 1114 735 1146 versae
783 1096 834 1144 in
876 1100 1157 1161 Zephyrum
1200 1109 1330 1148 stant
1367 1101 1571 1164 rupibus
1607 1100 1731 1161 altis,

235 1188 597 1242 exceptantque
634 1178 752 1228 levis
790 1196 946 1239 auras,
990 1188 1038 1228 et
1079 1197 1227 1243 saepe
1265 1181 1371 1230 sine
1406 1182 1519 1231 ullis

235 1259 476 1324 coniugiis
513 1269 663 1309 vento
699 1259 931 1323 gravidae
973 1259 1218 1326 (mirabile
1257 1262 1415 1328 dictu)
1607 1278 1617 1282 ’
1841 1281 1915 1326 275

236 1360 351 1391 saxa
386 1359 472 1405 per
509 1351 557 1391 et
593 1344 826 1406 scopulos
866 1351 914 1391 et
954 1345 1212 1406 depressas
1253 1346 1489 1395 convallis

236 1425 514 1489 diffugiunt,
554 1443 670 1486 non,
714 1429 859 1486 Eure,
900 1435 1025 1487 tuos,
1070 1445 1234 1492 neque
1271 1429 1387 1478 solis
1422 1432 1487 1479 ad
1523 1439 1672 1490 ortus,

237 1508 288 1556 in
326 1511 521 1557 Borean
559 1509 893 1571 Caurumque‚
936 1519 1022 1557 aut
1060 1512 1195 1560 unde
1233 1511 1522 1575 nigerrimus
1557 1515 1740 1562 Auster

238 1591 453 1640 nascitur
490 1600 538 1639 et
574 1590 743 1654 pluvio
781 1591 1038 1641 contristat
1077 1591 1253 1656 frigore
1291 1597 1495 1644 caelum.

238 1673 318 1723 hic
355 1675 573 1734 demum,
616 1673 946 1737 hippomanes
986 1692 1103 1724 vero
1141 1678 1278 1739 quod
1315 1677 1519 1727 nomine
1556 1677 1729 1727 dicunt
1842 1689 1917 1728 280

238 1765 473 1818 pastores,
513 1756 704 1804 lentum
743 1754 958 1804 destillat
995 1757 1060 1805 ab
1099 1755 1300 1820 inguine
1336 1757 1480 1819 virus,

238 1837 583 1900 hippomanes,
626 1839 763 1900 quod
803 1854 951 1900 saepe
991 1840 1151 1888 malae
1188 1841 1348 1902 legere
1385 1857 1627 1889 novercae

239 1918 644 1982 miscueruntque
683 1919 862 1967 herbas
901 1928 950 1968 et
987 1937 1091 1968 non
1128 1919 1330 1969 innoxia
1366 1922 1527 1970 verba.

308 2002 407 2050 Sed
444 1999 567 2063 fugit
603 1999 802 2060 interea,
846 2000 969 2064 fugit
1007 2001 1332 2065 inreparabile
1368 2011 1577 2066 tempus,

239 2082 431 2146 singula
467 2083 589 2130 dum
626 2081 759 2145 capti
798 2081 1240 2132 circumvectamur
1275 2100 1455 2132 amore.
1844 2095 1918 2145 285

239 2167 337 2213 hoc
373 2163 489 2212 satis
525 2163 772 2212 armentis.
851 2174 1050 2227 superat
1086 2182 1197 2228 pars
1233 2167 1384 2213 altera
1419 2182 1578 2225 curae,

240 2246 481 2310 lanigeros
518 2245 701 2308 agitare
738 2262 908 2309 greges
948 2246 1199 2309 hirtasque
1235 2248 1460 2310 capellas.

240 2328 322 2376 hic
358 2328 509 2387 labor,
550 2326 667 2375 hinc
705 2329 906 2375 laudem
946 2329 1095 2376 fortes
1134 2337 1325 2391 sperate
1361 2328 1539 2377 coloni.

241 2427 333 2458 nec
371 2426 481 2458 sum
517 2408 670 2457 animi
709 2408 891 2457 dubius
927 2409 1089 2458 verbis
1128 2426 1186 2458 ea
1221 2409 1416 2458 vincere
1453 2427 1688 2473 magnum

242 2508 391 2554 quam
429 2490 490 2538 sit
523 2500 571 2539 et
603 2490 823 2553 angustis
862 2493 997 2540 hunc
1034 2493 1219 2540 addere
1254 2491 1401 2539 rebus
1438 2492 1679 2539 honorem
1687 2510 1702 2552 3
1844 2512 1922 2553 290

242 2573 331 2621 sed
367 2589 447 2619 me
485 2571 686 2619 Parnasi
725 2574 918 2621 deserta
955 2591 1042 2637 per
1077 2575 1231 2622 ardua
1267 2572 1426 2621 dulcis

242 2662 400 2717 raptat
436 2671 575 2702 amor
591 2673 604 2715 3
648 2654 782 2703 iuvat
819 2655 887 2704 ire
924 2656 1061 2719 iugis,
1103 2673 1200 2718 qua
1236 2657 1371 2703 nulla
1406 2653 1623 2717 priorum

297 2785 487 2832 263-284
517 2783 675 2833 MPR;
715 2786 905 2834 285—292
931 2783 1096 2823 FMPR
1234 2786 1313 2833 263
1343 2796 1470 2832 supra
1489 2781 1533 2820 P
1547 2786 1778 2834 agnoscunt
1799 2781 1918 2821 schol.

243 2837 366 2876 Bern.
409 2852 573 2877 versum
604 2839 783 2878 damnat
815 2839 986 2878 Ribbeck
1125 2852 1205 2888 273
1235 2839 1288 2877 ad
1309 2839 1553 2888 Zephyrum
1574 2835 1712 2874 M²Rz
1762 2836 1815 2875 ad
1837 2849 1918 2875 om.

244 2890 298 2928 M
302 2891 335 2930 ¹:
370 2893 413 2931 in
428 2893 675 2944 Zephyrum
688 2893 803 2943 P‘ybc
816 2893 1103 2948 Philargyn'us
1267 2907 1346 2943 274
1369 2898 1598 2942 exceptant
1618 2889 1672 2928 M
1674 2889 1781 2942 ’Ray’
1800 2890 1915 2931 Serv.

244 2945 531 2999 Philargvm'us
565 2948 683 2987 schol.
719 2947 872 2987 Bern.:
914 2953 1142 2998 expectant
1167 2947 1313 2999 M1712
1350 2950 1603 2998 exspectant
1624 2944 1668 2984 P
1840 2951 1922 2996 ²79

244 3001 388 3040 sidere
408 3002 451 3040 R
477 3002 594 3041 schol.
619 3003 743 3042 Bern.
859 3005 941 3041 286
969 3008 1144 3053 superat
1165 3008 1231 3041 est
1251 3001 1305 3039 M
1308 3001 1324 3025 ²
