2014 3372
266 147 318 194 Ρ.
358 134 660 196 VERGILI
699 146 1027 195 MARONIs

262 296 338 335 ast
373 286 512 336 illum
549 295 745 350 ereptae
782 301 964 348 magno
999 286 1280 334 flammatus
1315 301 1485 334 amore
1733 318 1736 320 -
1859 302 1944 344 330

263 368 487 431 coniugis
525 377 573 416 et
610 368 853 416 scelerum
890 365 1026 415 furiis
1062 365 1274 429 agitatus
1312 366 1513 415 Orestes

263 449 444 513 excipit
480 449 736 498 incautum
772 447 1053 512 patriasque
1090 448 1354 497 obtruncat
1389 449 1454 496 ad
1488 463 1611 497 aras.

262 540 421 580 morte
459 529 782 595 Neoptolemi
817 546 1080 592 regnorum
1116 528 1310 578 reddita
1345 528 1493 577 cessit

261 629 374 675 pars
414 613 630 672 Heleno,
671 611 757 675 qui
794 611 1050 662 Chaonios
1087 609 1385 673 cognomine
1422 624 1626 672 campos
1942 668 1946 671 ,

264 693 646 757 Chaoniamque
683 710 887 742 ornnem
923 691 1143 741 Troiano
1179 708 1209 740 a
1246 692 1456 741 Chaone
1492 690 1628 750 dixit,
1863 709 1945 755 335-

262 778 603 839 Pergamaque
641 774 947 837 Iliacamque
984 772 1108 837 iugis
1145 774 1274 821 hanc
1310 772 1505 822 addidit
1539 789 1720 822 arcem.

262 859 351 906 sed
388 856 478 906 tibi
515 856 601 920 qui
637 873 838 904 cursum
874 854 1026 916 venti,
1063 871 1190 918 quae
1226 855 1326 902 fata
1362 855 1581 903 dedere?

261 948 346 988 aut
384 938 614 1003 quisnam
650 938 876 1002 ignarum
912 936 1091 986 nostris
1128 938 1252 986 deus
1288 935 1479 999 appulit
1514 935 1648 984 oris?

261 1020 383 1085 quid
419 1038 542 1084 puer
576 1019 860 1069 Ascanius?
909 1027 1171 1082 superatne
1208 1026 1256 1066 et
1292 1016 1505 1067 vescitur
1537 1019 1693 1066 aura?

261 1119 411 1166 quem
448 1101 539 1150 tibi
574 1101 673 1150 iam
709 1101 928 1150 Troia—
1857 1115 1948 1160 340⁷

261 1200 420 1247 ecqua
456 1193 625 1232 tamen
662 1199 818 1245 puero
855 1192 930 1231 est
966 1181 1177 1230 amissae
1213 1198 1330 1230 cura
1366 1179 1624 1244 parentis?

260 1263 442 1328 ecquid
477 1263 529 1312 in
564 1263 821 1327 antiquam
857 1263 1087 1312 virtutem
1122 1262 1417 1325 animosque
1451 1260 1600 1310 virilis

260 1355 309 1395 et
345 1355 484 1409 pater
519 1348 716 1395 Aeneas
754 1354 802 1394 et
837 1346 1112 1394 avunculus
1149 1344 1327 1394 excitat
1365 1345 1622 1393 Hector?'

259 1427 375 1476 talia
412 1428 655 1476 fundebat
691 1426 953 1475 lacrimans
990 1428 1265 1490 longosque
1302 1425 1465 1474 ciebat

259 1510 511 1559 incassum
547 1512 706 1570 fletus,
747 1527 862 1558 cum
899 1526 1006 1559 sese
1042 1526 1072 1558 a
1107 1508 1370 1558 moenibus
1406 1509 1552 1557 heros
1855 1528 1936 1571 345

261 1592 536 1641 Priamides
572 1591 739 1641 multis
780 1593 1008 1641 Helenus
1046 1589 1399 1640 comitantibus
1435 1591 1607 1651 adfert,

259 1677 583 1741 agnoscitque
621 1694 736 1726 suos
774 1679 1032 1740 laetusque
1068 1678 1134 1726 ad
1171 1675 1341 1725 limina
1377 1676 1529 1737 ducit,

260 1768 309 1807 et
345 1761 558 1807 multum
596 1760 824 1809 lacrimas
861 1761 1013 1810 verba
1048 1759 1174 1809 inter
1211 1759 1402 1823 singula
1436 1759 1612 1809 fundit.

259 1844 478 1903 procedo
516 1852 564 1891 et
600 1860 801 1907 parvam
838 1844 1041 1893 Troiam
1079 1844 1405 1907 simulataque
1441 1842 1641 1907 magnis

260 1926 499 1988 Pergama
535 1936 584 1975 et
619 1936 840 1976 arentem
877 1927 1067 1976 Xanthi
1103 1925 1401 1990 cognomine
1436 1925 1596 1974 rivum
1852 1944 1938 1986 350

259 2022 490 2069 agnosco,
531 2009 814 2071 Scaeaeque
849 2010 1123 2072 amplector
1158 2007 1329 2056 limina
1363 2015 1547 2070 portae.

259 2104 353 2136 nec
390 2105 493 2136 non
529 2098 578 2138 et
613 2089 795 2138 Teucri
831 2089 966 2138 socia
1003 2089 1149 2138 simul
1185 2089 1307 2138 urbe
1342 2090 1580 2137 fruuntur.

258 2168 368 2218 illos
405 2169 675 2233 porticibus
712 2188 796 2220 rex
830 2170 1105 2234 accipiebat
1141 2170 1192 2218 in
1228 2169 1439 2233 amplis:

258 2250 389 2299 aulai
425 2251 593 2300 medio
630 2252 853 2300 libabant
888 2254 1070 2315 pocula
1108 2250 1294 2300 Bacchi

257 2331 501 2395 impositis
537 2350 657 2381 auro
694 2332 920 2396 dapibus,
961 2342 1253 2396 paterasque
1289 2332 1539 2381 tenebant.
1849 2350 1931 2392 355

328 2416 538 2477 Iamque
574 2414 680 2463 dies
715 2417 938 2478 alterque
974 2415 1081 2464 dies
1118 2414 1370 2478 processit,
1409 2423 1457 2463 et
1491 2430 1639 2463 aurae

257 2498 367 2544 vela
400 2506 580 2545 vocant
616 2497 911 2561 tumidoque
949 2496 1148 2546 inflatur
1183 2497 1415 2545 carbasus
1450 2505 1648 2545 austro:

258 2576 333 2625 his
369 2586 533 2626 vatem
569 2577 830 2641 adgredior
865 2577 1009 2627 dictis
1045 2595 1103 2626 ac
1139 2577 1254 2626 talia
1290 2594 1505 2641 quaeso:

312 2720 500 2757 330-341
534 2707 684 2757 FMP;
724 2710 915 2758 342—358
947 2707 1041 2746 MP
1293 2720 1375 2758 330
1404 2708 1685 2747 inflammatus
1719 2706 1931 2758 M72a²bm

257 2764 338 2811 336
370 2762 632 2811 Pergamiam
654 2761 727 2800 M:
772 2763 1048 2812 Pergameam
1077 2761 1137 2800 P2
1168 2764 1352 2814 agnoscit
1378 2761 1493 2803 Serv.
1661 2775 1744 2812 340
1774 2762 1933 2802 ‘herni-

257 2816 454 2854 stichium
479 2829 559 2855 nec
588 2817 630 2854 in
660 2830 789 2856 sensu
821 2815 1017 2867 plenum'
1036 2816 1166 2868 Serv„
1196 2822 1292 2868 post
1317 2831 1353 2856 v.
1377 2818 1455 2867 336
1487 2817 1740 2868 transposuit
1757 2815 1935 2868 Madvig

256 2883 367 2919 quae
405 2870 690 2921 Menagz‘anus
728 2871 780 2909 II
816 2871 1071 2910 Bodleianus
1111 2885 1222 2911 unus
1256 2868 1441 2922 Wagner
1475 2871 1553 2910 alii
1848 2872 1932 2920 34⁶

259 2923 456 2964 Helenus
493 2925 634 2964 multis
654 2925 698 2963 P
803 2928 885 2975 348
915 2926 1030 2964 uncis
1066 2926 1231 2965 secludit
1247 2926 1419 2966 Ribbeck
1528 2926 1753 2966 lacrimans
1773 2924 1844 2964 M2
1866 2927 1932 2978 (ut

257 2978 430 3031 videtur)
452 2978 539 3030 ΡὙ1
560 2980 743 3031 agnoscit
759 2978 874 3019 Serv.
1873 3014 1875 3017 .
