2014 3372
1327 172 1688 222 AENEIDOS
1726 172 1801 221 IV

134 316 268 365 hunc
303 331 395 379 ego
431 313 471 363 si
505 312 646 378 potui
680 321 873 362 tantum
909 329 1103 376 sperare
1139 313 1377 371 dolorem,

135 405 184 446 et
206 398 428 460 perferre,
457 412 606 454 soror,
633 403 819 458 potero.
895 393 1102 442 miserae
1125 394 1223 442 hoc
1247 402 1414 441 tamen
1437 408 1595 440 unum
1719 411 1802 452 420

134 493 411 539 exsequere,
450 478 611 535 Anna,
651 474 808 535 mihi3
854 477 1010 523 solam
1047 491 1162 523 nam
1198 475 1415 537 perfidus
1450 473 1533 521 ille

134 566 183 605 te
218 559 392 616 colere,
432 573 636 605 arcanos
675 555 823 604 etiam
860 555 950 604 tibi
985 557 1185 604 credere
1221 571 1426 615 sensus3

133 639 239 687 sola
273 638 360 686 viri
397 637 557 687 mollis
594 637 755 687 aditus
793 647 841 686 et
877 646 1100 700 tempora
1135 653 1313 685 noras:

133 718 162 778 i,
202 736 350 779 soror,
389 728 537 782 atque
574 720 770 767 hostem
807 720 1013 781 supplex
1046 719 1214 767 adfare
1250 717 1548 780 superbum:

133 817 236 850 non
272 818 363 864 ego
399 818 514 849 cum
552 800 738 849 Danais
774 800 1042 848 Troianam
1079 799 1364 848 exscindere
1399 808 1598 863 gentem
1722 818 1801 859 425

132 882 315 931 Aulide
352 881 503 930 iuravi
542 884 812 930 classemve
846 883 912 930 ad
949 884 1188 945 Pergama
1223 880 1347 940 misi,

134 978 225 1012 nec
261 963 410 1027 patris
447 963 697 1012 Anchisae
733 963 920 1012 cineres
957 963 1178 1011 manisve
1214 962 1411 1011 revelli:

133 1061 219 1093 cur
254 1062 365 1093 mea
401 1045 534 1094 dicta
569 1055 714 1108 negat
750 1047 896 1094 duras
933 1044 1192 1094 demittere
1227 1044 1278 1092 in
1314 1043 1480 1092 auris?

134 1143 234 1189 quo
270 1126 401 1175 ruit?
450 1136 721 1176 extremum
757 1129 854 1176 hoc
889 1126 1096 1175 miserae
1133 1128 1218 1175 det
1254 1142 1436 1174 munus
1472 1124 1689 1175 amanti:

134 1216 383 1270 exspectet
418 1207 712 1270 facilemque
747 1209 913 1270 fugam
948 1216 1224 1270 ventosque
1261 1206 1474 1255 ferentis.
1720 1227 1804 1267 430

134 1304 236 1336 non
272 1287 370 1336 iam
407 1288 692 1352 coniugium
728 1288 1003 1351 antiquum,
1044 1290 1182 1351 quod
1217 1287 1450 1351 prodidit,
1489 1304 1590 1347 oro,

134 1385 226 1417 nec
262 1370 468 1431 pulchro
505 1378 557 1417 ut
594 1368 737 1434 Latio
774 1378 935 1417 careat
971 1385 1277 1431 regnumque
1312 1367 1585 1431 relinquat:

134 1459 328 1512 tempus
363 1449 510 1498 inane
546 1459 674 1513 peto,
714 1449 934 1513 requiem
972 1449 1286 1512 spatiumque
1320 1448 1485 1508 furori,

134 1533 263 1595 dum<
291 1548 402 1580 mea
438 1548 517 1580 me
552 1531 732 1580 victam
768 1533 947 1580 doceat
982 1533 1178 1580 fortuna
1213 1533 1394 1580 dolere.

134 1622 399 1682 extremam
436 1615 565 1662 hanc
601 1630 688 1662 oro
724 1613 919 1662 veniam
959 1612 1208 1678 (miserere
1245 1612 1459 1677 sororis),
1717 1635 1799 1674 435

134 1710 283 1756 quam
320 1693 441 1742 mihi
477 1711 591 1742 cum
628 1694 819 1743 dederit
855 1695 1158 1743 cumulatam
1200 1702 1358 1742 morte
1394 1693 1672 1742 remittam.'

201 1774 406 1823 Talibus
443 1776 625 1834 orabat,
666 1775 876 1837 talisque
913 1774 1183 1824 miserrima
1218 1776 1362 1823 fletus

133 1857 323 1918 fertque
358 1858 601 1919 refertque
637 1874 784 1905 soror.
859 1858 947 1905 sed
983 1856 1129 1904 nullis
1165 1856 1246 1904 ille
1283 1864 1509 1904 movetur

134 1936 341 1996 fletibus,
381 1946 465 1985 aut
501 1954 647 1986 voces
684 1939 807 1985 ullas
844 1936 1110 1986 tractabilis
1145 1935 1284 1985 audit
1300 1953 1315 1996 3

133 2018 232 2065 fata
267 2018 466 2066 obstant
501 2017 821 2081 placidasque
856 2017 944 2066 viri
980 2019 1103 2066 deus
1140 2015 1351 2065 obstruit
1383 2015 1527 2064 auris.
1718 2037 1802 2078 440

124 2114 192 2146 ac
227 2100 359 2146 velut
393 2114 584 2146 annoso
620 2098 834 2146 validam
871 2115 984 2146 cum
1020 2098 1197 2146 robore
1233 2113 1472 2160 quercum

133 2170 303 2240 Alpihi
341 2181 528 2227 Boreae
564 2195 698 2226 nunc
734 2178 850 2227 hinc
886 2195 1020 2227 nunc
1055 2178 1252 2227 flatibus
1288 2177 1424 2225 illinc

133 2275 301 2307 eruere
336 2258 462 2307 inter
497 2276 549 2307 se
585 2269 807 2320 certant;
853 2258 890 2307 it
926 2259 1115 2318 stridor,
1155 2268 1204 2308 et
1238 2260 1367 2307 altae

132 2349 454 2388 consternunt
490 2349 666 2389 terram
702 2357 946 2389 concusso
983 2340 1146 2403 stipite
1181 2341 1382 2388 frondes
1401 2357 1415 2400 ;

132 2418 239 2482 ipsa
273 2422 440 2469 haeret
481 2421 695 2484 scopulis
732 2430 780 2470 et
816 2431 1059 2484 quantum
1095 2420 1276 2469 vertice
1310 2422 1377 2469 ad
1410 2437 1555 2470 auras
1717 2441 1797 2481 445

131 2501 384 2561 aetherias,
424 2511 616 2550 tantum
652 2501 817 2550 radice
853 2501 904 2549 in
940 2505 1143 2550 Tartara
1178 2501 1370 2551 tendit:

133 2582 268 2630 haud
304 2598 444 2630 secus
480 2582 700 2631 adsiduis
737 2582 854 2630 hinc
888 2592 1038 2645 atque
1074 2582 1191 2630 hinc
1224 2583 1431 2632 vocibus
1466 2585 1613 2632 heros

187 2724 378 2761 419-442
408 2711 521 2760 MP;
566 2726 644 2762 443
653 2726 753 2763 -447
783 2711 910 2751 FMP
1153 2726 1230 2762 427
1264 2714 1449 2752 cinerem
1481 2712 1532 2750 M
1641 2712 1797 2752 revulsi

137 2763 350 2816 Oblongus
367 2765 502 2814 Pierii,
524 2767 708 2816 agnoscit
732 2766 847 2806 Serv.
998 2768 1077 2816 428
1107 2773 1234 2817 neget
1255 2766 1308 2804 M
1309 2767 1384 2804 ‘2P1
1406 2767 1590 2819 agnoscit
1606 2767 1660 2805 D.
1682 2765 1797 2805 Serv.

134 2831 213 2869 434
235 2820 383 2858 dolore
405 2818 458 2856 M
463 2818 553 2870 ¹7¹c¹
831 2822 912 2870 436
941 2821 1113 2860 dederis
1126 2821 1274 2872 7²abc⁷r
1286 2820 1399 2860 Serv.
1491 2820 1702 2859 cumulata
1723 2818 1797 2858 M:

135 2874 308 2912 dederis
327 2873 582 2913 cumulatam
595 2876 787 2926 probasse
811 2874 983 2913 Tuccam
1003 2879 1040 2914 et
1064 2875 1238 2913 Varium
1260 2873 1572 2924 testaturserv„
1587 2875 1662 2925 qui
1675 2875 1798 2913 etiam

136 2928 301 2966 dederit
321 2929 530 2968 cumulata
546 2929 729 2980 agnoscit
747 2943 756 2967 ε
786 2929 1042 2967 cumulatum
1060 2941 1236 2967 munere
1252 2930 1412 2967 mittam
1429 2929 1609 2967 KlouZek
1718 2940 1799 2978 443

134 2981 221 3020 alte
242 2982 264 3020 b
281 2980 393 3022 Serv.
560 2994 639 3032 445
669 2995 768 3022 oras
786 2983 1037 3022 Lachmann
1202 2984 1283 3032 446
1313 2984 1498 3023 radicem
1518 2982 1702 3034 MP¹7a2
