2014 3372
157 148 209 195 P.
251 147 548 195 VERGILI
589 148 913 198 MARONIS

155 288 237 337 ille
274 297 329 337 ut
365 287 579 351 depositi
617 290 854 352 proferret
889 289 989 337 fata
1023 290 1255 353 parentis,
1751 315 1832 359 395

157 369 279 419 scire
315 379 585 434 potestates
625 370 889 419 herbarum
925 387 1172 435 usumque
1209 374 1447 425 medendi

156 451 329 499 maluit
366 461 414 500 et
453 460 614 500 mutas
650 451 834 514 agitare
868 451 1104 516 inglorius
1139 454 1268 504 artis.

156 533 317 581 stabat
353 533 532 581 acerba
568 534 782 582 fremens
819 532 1071 597 ingentem
1108 534 1250 584 nixus
1289 536 1340 585 in
1376 539 1571 588 hastam

155 617 352 663 Aeneas
392 630 575 677 magno
610 613 848 663 iuvenum
884 624 933 664 et
966 616 1231 666 maerentis
1271 618 1368 667 Iuli

155 713 414 755 concursu,
455 695 668 745 lacrimis
704 695 988 746 immobilis.
1062 697 1144 747 ille
1179 709 1364 749 retorto
1750 726 1835 766 400

156 776 431 826 Paeonium
469 777 521 825 in
558 794 748 827 morem
786 777 951 827 senior
987 779 1268 829 succinctus
1305 781 1491 832 amictu

154 862 309 909 multa
346 877 499 909 manu
535 859 731 909 medica
768 859 1061 924 Phoebique
1096 862 1385 924 potentibus
1421 865 1586 915 herbis

153 940 457 1004 nequiquam
497 940 722 1004 trepidat,
763 940 1068 1005 nequiquam
1106 942 1296 1006 spicula
1331 946 1502 995 dextra

153 1022 382 1071 sollicitat
420 1031 720 1086 prensatque
758 1022 920 1071 tenaci
956 1022 1144 1087 forcipe
1179 1026 1373 1075 ferrum.

152 1106 288 1153 nulla
323 1104 453 1154 viam
490 1107 689 1154 fortuna
726 1104 860 1168 regit,
901 1104 1024 1154 nihil
1060 1116 1232 1156 auctor
1267 1111 1453 1172 Apollo
1748 1132 1829 1176 405

151 1186 394 1246 subvenit,
436 1195 485 1235 et
521 1203 696 1235 saevus
735 1185 923 1250 campis
961 1187 1116 1250 magis
1152 1205 1211 1237 ac
1247 1189 1402 1253 magis
1438 1192 1610 1242 horror

152 1269 415 1318 crebrescit
452 1268 756 1332 propiusque
794 1270 980 1317 malum
1018 1278 1104 1318 est.
1178 1270 1277 1319 iam
1314 1274 1515 1335 pulvere
1551 1275 1745 1324 caelum

152 1361 279 1400 stare
316 1351 520 1400 vident:
571 1351 787 1400 subeunt
825 1351 1016 1414 equites
1054 1362 1103 1401 et
1140 1352 1329 1416 spicula
1365 1355 1534 1403 castris

152 1434 307 1482 densa
344 1433 530 1481 cadunt
567 1431 758 1482 mediis.
833 1432 870 1480 it
906 1432 1055 1481 tristis
1090 1435 1155 1483 ad
1191 1436 1391 1484 aethera
1427 1438 1613 1486 clamor

151 1515 427 1564 bellantum
464 1514 703 1563 iuvenum
741 1523 790 1563 et
826 1516 952 1563 duro
989 1515 1083 1563 sub
1122 1518 1284 1565 Marte
1320 1519 1602 1568 cadentum.
1745 1540 1831 1581 410

221 1596 324 1645 Hic
360 1599 533 1645 Venus
571 1595 778 1659 indigno
815 1595 918 1644 nati
954 1613 1199 1645 concussa
1234 1599 1408 1648 dolore

150 1679 460 1728 dictamnum
497 1677 718 1741 genetrix
756 1678 965 1727 Cretaea
1002 1677 1156 1741 carpit
1191 1679 1257 1727 ab
1294 1681 1400 1739 Ida,

149 1760 419 1824 puberibus
457 1762 651 1809 caulem
687 1759 816 1808 foliis
854 1769 903 1808 et
938 1761 1058 1809 flore
1095 1770 1379 1811 comantem

149 1859 398 1907 purpureo
415 1861 428 1903 3
465 1859 567 1891 non
604 1841 687 1890 illa
725 1841 838 1890 feris
876 1841 1130 1905 incognita
1164 1843 1323 1907 capris

148 1923 382 1988 gramina,
422 1939 535 1972 cum
574 1931 711 1984 tergo
748 1923 972 1971 volucres
1010 1924 1212 1972 haesere
1248 1923 1465 1988 sagittae.
1744 1946 1825 1989 415

149 2007 247 2054 hoc
282 2008 454 2054 Venus
492 2004 706 2054 obscuro
744 2003 923 2052 faciem
961 2003 1266 2054 circumdata
1301 2006 1476 2056 nimbo

149 2086 339 2146 detulit,
378 2088 476 2134 hoc
512 2087 677 2134 fusum
715 2084 864 2134 labris
905 2085 1283 2148 splendentibus
1318 2104 1520 2137 amnem

148 2167 304 2216 inficit
340 2168 534 2217 occulte
571 2166 841 2226 medicans,
881 2166 1162 2231 spargitque
1199 2167 1407 2217 salubris

147 2249 424 2299 ambrosiae
461 2265 606 2298 sucos
643 2258 692 2297 et
728 2247 1025 2297 odoriferam
1062 2266 1346 2313 panaceam.

147 2332 268 2381 fovit
304 2349 363 2381 ea
397 2333 575 2380 vulnus
612 2332 814 2395 lympha
851 2333 1119 2395 longaevus
1158 2334 1312 2396 Iapyx
1744 2357 1827 2397 420

147 2414 392 2479 ignorans,
432 2414 698 2477 subitoque
735 2414 898 2463 omnis
935 2416 1000 2463 de
1035 2431 1242 2478 corpore
1277 2415 1401 2480 fugit

148 2496 333 2559 quippe
368 2498 523 2555 dolor,
563 2495 726 2545 omnis
763 2496 897 2545 stetit
933 2497 1035 2546 imo
1071 2499 1274 2546 vulnere
1309 2497 1534 2560 sanguis.-

146 2578 345 2642 iamque
381 2588 550 2628 secuta
585 2596 790 2628 manum
826 2582 963 2628 nulla
997 2590 1207 2643 cogente
1243 2580 1418 2643 sagitta

147 2659 340 2719 excidit,
379 2671 529 2724 atque
564 2678 724 2711 novae
759 2661 948 2711 rediere
984 2661 1036 2710 in
1072 2661 1276 2725 pristina
1310 2662 1448 2712 vires.

151 2745 315 2790 ‘arma
352 2742 435 2791 citi
470 2752 730 2806 properate
765 2743 900 2791 viro!
948 2742 1071 2805 quid
1108 2742 1308 2791 statis?’
1359 2745 1513 2807 Iapyx
1741 2764 1820 2804 ⁴25

200 2885 389 2923 395-425
412 2873 543 2912 MPR
684 2886 763 2924 397
795 2873 949 2912 multas
971 2873 1063 2912 Ρῑι·ι
1176 2874 1258 2923 398
1290 2874 1399 2913 fixus
1421 2873 1490 2912 M1
1613 2873 1694 2922 408
1723 2872 1817 2912 sub-

147 2935 335 2978 euntque
356 2929 419 2967 Rc
457 2964 460 2965 γ
552 2940 630 2979 417
663 2928 971 2978 plendentibus
992 2928 1050 2966 P1
1069 2943 1078 2968 ε
1110 2929 1398 2978 pendentibus
1419 2924 1508 2968 Ra1
1664 2939 1748 2975 422
1775 2926 1819 2966 in

145 2984 321 3022 vulnere
343 2982 544 3033 P2R72c⁷r
712 2996 794 3032 423
825 2995 975 3022 manus
996 2981 1094 3034 P¹7¹
1113 2997 1120 3023 ε
1154 2995 1280 3022 manu
1302 2982 1351 3021 M
1358 2981 1480 3033 ¹P²7²
1812 2989 1815 2993 '
