2014 3372
1333 158 1478 207 AEN
1482 159 1694 208 EIDOS
1734 159 1818 208 III

150 299 221 347 fas
258 315 407 348 omne
441 298 718 363 abrumpit:
767 300 1070 362 Polydorum
1107 299 1380 359 obtruncat,
1421 308 1470 348 et
1503 315 1623 348 auro

149 379 195 427 vi
231 379 426 444 potitur.
500 379 621 443 quid
656 397 759 429 non
796 379 1020 429 mortalia
1056 389 1257 443 pectora
1292 380 1440 444 cogis,

148 460 251 508 auri
288 477 423 509 sacra
456 461 641 509 fames!
689 469 954 524 postquam
990 478 1142 524 pavor
1177 478 1288 510 ossa
1323 460 1531 524 reliquit,

148 541 366 589 delectos
402 540 572 604 populi
607 542 672 589 ad
708 557 935 604 proceres
971 540 1286 605 primumque
1322 551 1577 605 parentem

147 631 366 670 monstra
401 624 552 671 deum
589 624 757 682 refero,
798 631 847 671 et
883 639 1012 685 quae
1049 623 1111 671 sit
1146 622 1389 672 sententia
1424 639 1592 686 posco,

147 702 377 751 omnibus
413 703 546 752 idem
582 703 790 762 animus,
831 706 1067 752 scelerata
1102 706 1340 753 excedere
1374 713 1511 763 terra,

145 782 300 845 linqui
336 785 579 846 pollutum
616 784 887 847 hospitium
923 794 972 833 et
1009 786 1125 834 dare
1162 785 1399 833 classibus
1434 788 1656 834 Austros.

145 880 259 926 ergo
295 864 621 914 instauramus
660 867 908 928 Polydoro
944 867 1120 914 funus:
1169 875 1218 914 et
1253 865 1425 929 ingens

143 945 383 1008 aggeritur
418 949 610 995 tumulo
646 949 822 1007 tellus3
869 956 999 996 stant
1035 946 1264 996 manibus
1298 964 1422 1006 arae,

143 1026 376 1075 caeruleis
413 1037 629 1076 maestae
664 1027 795 1077 vittis
831 1038 1034 1092 atraque
1071 1045 1316 1091 cupreSSO,

142 1116 190 1155 et
225 1107 409 1156 circum
448 1108 628 1158 Iliades
665 1109 852 1158 crinem
887 1113 952 1159 de
988 1127 1125 1159 more
1161 1112 1348 1159 solutae
1364 1127 1380 1170 3

140 1186 393 1236 inferimus
430 1189 597 1251 tepido
635 1190 915 1252 spumantia
950 1190 1145 1252 cymbia
1180 1192 1307 1239 lacte

141 1268 389 1331 sanguinis
426 1278 474 1316 et
511 1269 633 1317 sacri
668 1278 872 1331 pateras,
911 1270 1229 1333 animamque
1265 1272 1490 1333 sepulcro

140 1349 402 1397 condimus
439 1358 487 1398 et
523 1366 702 1412 magna
738 1367 1023 1413 supremum
1060 1367 1182 1399 voce
1218 1351 1418 1400 ciemus.

209 1431 335 1478 Inde
371 1429 456 1479 ubi
492 1430 650 1494 prima
686 1433 809 1480 fides
845 1433 1032 1495 pelago,
1073 1433 1364 1494 placataque
1399 1431 1535 1481 venti

138 1510 262 1570 dant
294 1511 445 1559 maria
481 1521 529 1559 et
564 1511 687 1560 lenis
724 1511 967 1575 crepitans
1003 1521 1149 1560 vocat
1183 1515 1365 1560 Auster
1399 1512 1450 1560 in
1485 1514 1654 1573 altum,

137 1591 392 1639 deducunt
429 1591 549 1640 socii
585 1592 721 1641 navis
758 1602 806 1641 et
842 1593 983 1641 litora
1018 1595 1282 1656 complent.

137 1672 452 1735 provehimur
487 1682 631 1736 portu
668 1682 922 1736 terraeque
958 1674 1204 1736 urbesque
1240 1675 1490 1723 recedunt.

136 1769 272 1802 sacra
308 1754 429 1802 mari
466 1754 641 1803 colitur
676 1754 843 1804 medio
879 1754 1151 1819 gratissima
1186 1757 1329 1804 tellus

135 1838 409 1888 Nereidum
446 1839 588 1888 matri
624 1848 672 1888 et
709 1842 947 1902 Neptuno
983 1842 1195 1901 Aegaeo,

134 1936 282 1982 quam
319 1920 428 1983 pius
464 1920 778 1984 arquitenens
814 1938 922 1970 oras
959 1930 1007 1969 et
1043 1920 1184 1970 litora
1219 1920 1404 1969 circum

134 2010 374 2050 errantem
414 2005 634 2065 Mycono
670 2019 697 2051 e
734 2005 864 2051 celsa
901 2005 1163 2065 Gyaroque
1199 2002 1417 2062 revinxit,

132 2082 490 2146 immotamque
527 2083 623 2132 coli
659 2083 796 2132 dedit
833 2093 881 2132 et
917 2093 1233 2132 contemnere
1268 2092 1454 2132 ventos.

131 2164 230 2212 huc
266 2166 421 2212 feror:
474 2166 597 2213 haec
634 2166 789 2213 fessos
827 2173 934 2212 tuto
969 2163 1302 2226 placidissima
1336 2172 1481 2226 portu

130 2243 319 2307 accipit.
394 2245 573 2308 egressi
608 2262 898 2293 veneramur
932 2244 1176 2307 Apollinis
1213 2245 1399 2293 urbem.

129 2342 212 2374 rex
247 2326 418 2385 Anius,
459 2343 541 2375 rex
576 2326 710 2376 idem
748 2325 1008 2375 hominum
1046 2326 1337 2389 Phoebique
1373 2327 1617 2386 sacerdos,

130 2405 260 2454 vittis
297 2415 345 2454 et
381 2423 516 2455 sacra
551 2407 806 2456 redimitus
844 2416 1067 2470 tempora
1101 2408 1238 2455 lauro

130 2486 339 2534 occurrit
356 2506 368 2547 3
415 2497 629 2536 veterem
665 2487 920 2536 Anchisen
956 2486 1155 2550 agnovit
1189 2485 1418 2534 amicum.

128 2565 375 2630 iungimus
411 2568 626 2630 hospitio
664 2570 857 2617 dextras
894 2578 942 2616 et
978 2577 1107 2617 tecta
1143 2567 1378 2616 subimus.

196 2649 406 2710 Templa
441 2649 522 2697 dei
558 2666 674 2698 saxo
711 2650 977 2698 venerabar
1014 2658 1196 2698 structa
1231 2657 1454 2697 vetusto:

1763 318 1813 359 55

1758 711 1812 752 60

1748 1935 1797 1982 75

133 2728 222 2775 ‘da
258 2728 516 2791 propriam,
556 2731 880 2791 Thymbraee,
922 2731 1125 2779 domum
1145 2749 1158 2790 3
1207 2731 1271 2778 da
1307 2728 1504 2777 moenia
1540 2728 1677 2778 fessis
1737 2738 1788 2788 85

185 2856 321 2904 55-78
360 2854 450 2893 MP
462 2868 472 2903 ;
531 2857 663 2905 79-85
702 2855 832 2894 FMP
1096 2858 1147 2894 61
1199 2857 1393 2905 linquere
1431 2856 1637 2895 deten'm‘es
1668 2857 1795 2908 pauci

130 2921 179 2958 75
209 2910 327 2958 prius
345 2909 520 2959 Bentley,
546 2911 731 2961 agnoscit
746 2911 800 2948 D.
823 2910 936 2950 Serv.
1153 2912 1205 2959 76
1234 2924 1258 2949 e
1278 2924 1359 2950 om.
1384 2910 1428 2949 π2
1449 2910 1561 2950 Serv.
1584 2912 1627 2949 in
1648 2912 1788 2950 lemm.

129 2962 324 3013 Ladewig
432 2963 575 3013 Gyaro
597 2964 710 3002 celsa
732 2965 1000 3014 Myconoque
1026 2964 1229 3014 ‘antiqui’
1251 2964 1391 3012 Pierii,
1413 2964 1577 3015 Bentley

126 3017 308 3054 accurrit
328 3016 381 3054 M
383 3016 398 3038 '²
508 3019 700 3066 agnoscit
720 3017 863 3056 Ma¹cn
1026 3019 1078 3067 84
1108 3031 1360 3057 veneramur
1381 3019 1414 3058 c¹
1435 3019 1598 3069 Bentley

1702 2966 1788 3004 ·82
