2014 3372
1401 126 1763 176 AENEIDOS
1803 126 1828 173 Ι

160 264 377 324 consilia,
417 274 471 314 ut
507 265 684 315 faciem
721 274 937 315 mutatus
974 275 1023 315 et
1059 283 1145 316 ora
1181 265 1381 331 Cupido

158 363 249 410 pro
284 346 419 396 dulci
454 346 671 395 Ascanio
707 346 883 406 veniat,
923 346 1170 410 donisque
1205 349 1450 396 furentem

158 426 394 476 incendat
429 427 647 491 reginam
682 436 833 490 atque
868 427 1063 476 ossibus
1099 427 1320 491 implicet
1356 428 1534 492 ignem.
1746 436 1829 478 660

159 508 344 571 quippe
381 509 588 557 domum
626 508 766 557 timet
802 508 1087 572 ambiguam
1123 508 1401 572 Tyriosque
1437 508 1682 574 bilinguis,

157 589 252 637 urit
287 598 425 638 atrox
464 591 593 638 Iuno
630 599 677 638 et
714 590 808 638 sub
844 599 1044 639 noctem
1082 607 1198 638 cura
1233 600 1461 640 recursat.

157 686 272 732 ergo
308 669 383 718 his
420 670 656 733 aligerum
693 670 837 719 dictis
873 673 1068 720 adfatur
1101 674 1375 720 Amorem:

161 755 314 809 ‘nate,
355 767 495 799 meae
530 750 670 810 vires,
711 769 823 800 mea
858 768 1038 815 magna
1072 752 1305 815 potentia,
1348 754 1495 813 solu8,

157 840 283 891 nate,
323 832 472 895 patris
510 832 692 881 summi
729 833 814 897 qui
850 836 948 882 tela
982 836 1223 897 Typhoea
1259 834 1454 894 temnis,
1746 842 1827 896 665

154 903 220 961 ad
256 921 304 960 te
342 913 574 976 confugio
612 923 660 962 et
698 917 905 977 supplex
940 924 1025 963 tua
1059 915 1265 963 numina
1300 932 1468 978 posco.

154 996 300 1043 frater
335 1004 388 1043 ut
424 998 621 1044 Aeneas
659 998 835 1060 pelago
871 1006 985 1045 tuus
1022 996 1190 1045 omnia
1225 996 1412 1046 circum

154 1075 296 1124 litora
332 1076 538 1125 iactetur
574 1077 702 1126 odiis
742 1077 949 1127 Iunonis
985 1079 1206 1137 acerbae,

154 1166 273 1205 nota
308 1157 411 1217 tibi,
451 1167 500 1206 et
536 1168 705 1207 nostro
742 1158 943 1207 doluisti
979 1176 1127 1222 saepe
1163 1161 1348 1209 dolore.

154 1255 287 1287 nunc
325 1239 598 1288 Phoenissa
634 1249 770 1288 tenet
809 1241 944 1291 Dido
979 1241 1277 1304 blandisque
1314 1250 1531 1290 moratur
1744 1248 1827 1304 670

153 1319 373 1379 vocibus,
415 1330 463 1369 et
499 1337 670 1369 vereor
706 1338 807 1383 quo
844 1338 896 1369 se
935 1322 1149 1370 Iunonia
1184 1331 1376 1371 vertant

153 1400 394 1463 hospitia:
445 1402 579 1450 haud
615 1410 755 1450 tanto
791 1402 1003 1450 cessabit
1040 1402 1239 1451 cardine
1275 1419 1450 1451 rerum.

154 1481 387 1545 quocirca
424 1499 598 1545 capere
634 1493 750 1533 ante
787 1484 914 1533 dolis
952 1494 1001 1533 et
1037 1484 1232 1547 cingere
1268 1486 1468 1533 flamma

152 1563 370 1627 reginam
409 1564 633 1624 meditor,
674 1582 738 1614 ne
775 1583 875 1628 quo
913 1583 965 1614 se
1002 1566 1206 1615 numine
1244 1576 1413 1627 mutet,

153 1646 241 1693 sed
279 1662 459 1708 magno
497 1648 700 1695 Aeneae
738 1664 935 1695 mecum
972 1656 1197 1696 teneatur
1231 1664 1412 1697 amore.
1743 1656 1823 1710 675

153 1744 251 1790 qua
287 1729 447 1776 facere
485 1728 536 1776 id
574 1728 733 1790 possis
771 1739 989 1777 nostram
1027 1746 1161 1778 nunc
1197 1729 1369 1793 accipe
1405 1738 1658 1780 mentem:

152 1809 311 1872 regius
348 1808 508 1857 accitu
547 1809 645 1858 cari
680 1810 914 1872 genitoris
949 1812 1014 1859 ad
1050 1811 1225 1859 urbem

154 1889 409 1938 Sidoniam
447 1907 568 1953 puer
604 1890 672 1939 ire
709 1900 858 1953 parat,
900 1908 1010 1940 mea
1047 1891 1260 1939 maxima
1295 1909 1423 1951 cura,

151 1972 285 2020 dona
321 1973 480 2020 ferens
517 1973 692 2035 pelago
729 1981 778 2020 et
813 1972 1026 2021 flammis
1062 1972 1293 2021 restantia
1329 1972 1508 2022 Troiae
1524 1991 1538 2034 3

152 2054 286 2105 hunc
323 2069 414 2114 ego
452 2052 669 2114 sopitum
707 2070 884 2101 somno
921 2070 1068 2115 super
1102 2055 1200 2100 alta
1237 2055 1452 2115 Cythera
1743 2062 1824 2103 680

151 2143 236 2181 aut
272 2151 418 2197 super
456 2133 670 2182 Idalium
707 2144 896 2182 sacrata
930 2136 1048 2183 sede
1085 2136 1367 2194 recondam,

152 2232 216 2263 ne
253 2232 350 2277 qua
387 2214 509 2263 scire
547 2216 690 2263 dolos
730 2215 984 2264 mediusve
1021 2232 1276 2264 occurrere
1311 2216 1479 2279 possit.

152 2304 205 2343 tu
241 2295 418 2343 faciem
455 2295 582 2344 illius
619 2305 819 2344 noctem
857 2313 959 2345 non
995 2296 1206 2359 amplius
1243 2314 1393 2345 unam

151 2378 264 2424 falle
301 2378 419 2425 dolo
456 2386 504 2425 et
540 2386 687 2426 notos
724 2377 863 2441 pueri
899 2395 1021 2441 puer
1058 2378 1210 2427 indue
1245 2381 1421 2438 vultus,

152 2467 219 2517 ut,
258 2475 373 2506 cum
409 2468 458 2507 te
493 2459 679 2522 gremio
715 2460 924 2523 accipiet
959 2460 1226 2509 laetissima
1263 2461 1399 2510 Dido
1741 2471 1819 2524 685

152 2538 324 2601 regalis
361 2538 486 2588 inter
523 2557 719 2588 mensas
756 2540 1054 2604 laticemque
1092 2544 1328 2604 Lyaeum,

153 2635 268 2666 cum
304 2620 443 2668 dabit
478 2623 732 2684 amplexus
768 2631 918 2685 atque
955 2624 1124 2671 oscula
1161 2623 1326 2671 dulcia
1360 2625 1489 2686 figet,

206 2749 400 2796 658-680
429 2748 618 2797 FMPR;
657 2752 848 2800 681-684
874 2750 1035 2800 MPR3
1074 2753 1263 2801 685-687
1289 2751 1458 2791 GMPR
1586 2755 1667 2802 664
1696 2754 1822 2804 vulgo

153 2803 344 2851 potentia
381 2803 510 2851 solus,
552 2804 851 2856 interpungunt
1059 2808 1142 2844 668
1182 2806 1387 2845 iactaetur
1425 2806 1467 2844 F
1470 2806 1510 2844 ¹:
1554 2808 1821 2857 iacteturque

152 2856 194 2895 F
196 2855 406 2907 'MR-ybcn
460 2858 625 2897 Nonius
673 2858 787 2898 Serv.
1014 2860 1215 2911 acerbae]
1254 2860 1421 2910 iniquae
1468 2860 1821 2912 F²MP²R72b1cu

152 2911 235 2959 670
262 2912 376 2950 hunc
397 2911 632 2963 F2MR7lm
645 2913 795 2964 probat
811 2913 999 2954 Deuticke
1108 2914 1202 2965 683,
1218 2916 1299 2963 684
1323 2915 1442 2954 verba
1458 2922 1630 2955 noctem
1642 2947 1651 2956 .
1668 2946 1677 2955 .
1694 2944 1703 2954 .
1722 2916 1819 2955 dolo

148 2966 384 3015 parenthesi
399 2966 569 3006 includit
586 2967 779 3007 Deuticke

1656 3031 1707 3073 9*
