2014 3372
206 136 258 183 P.
299 136 598 185 VERGILI
638 137 963 186 MARONIS

203 274 434 337 praemia,
474 276 563 325 sed
599 275 756 324 Turni
792 277 855 325 de
891 275 990 325 vita
1026 286 1074 325 et
1111 276 1349 341 sanguine
1385 287 1585 327 certant.
1797 287 1875 342 7⁶5

272 358 418 405 Forte
454 374 590 406 sacer
627 360 799 407 Fauno
836 357 963 406 foliis
1001 360 1210 408 oleaster
1244 359 1421 407 amaris

203 437 284 486 hic
321 448 532 498 steterat,
571 438 733 487 nautis
771 439 889 487 olim
926 440 1205 489 venerabile
1242 439 1445 503 lignum,

203 518 378 567 servati
415 536 474 568 ex
509 519 655 568 undis
693 518 779 568 ubi
815 521 962 583 figere
998 522 1133 569 dona
1168 521 1396 570 solebant

203 600 437 649 Laurenti
473 600 589 649 divo
626 610 674 649 et
710 610 849 650 votas
886 603 1188 665 suspendere
1224 602 1372 651 vestis
1389 621 1403 663 ;

203 683 292 730 sed
328 681 529 745 stirpem
566 682 746 731 Teucri
782 685 921 732 nullo
958 683 1241 732 discrimine
1278 700 1471 732 sacrum
1798 702 1877 747 770

202 765 512 824 sustulerant,
551 780 677 827 puro
713 774 767 813 ut
803 774 1007 828 possent
1045 781 1337 814 concurrere
1373 781 1585 827 campo:

201 844 282 893 hic
318 846 459 894 hasta
493 848 697 895 Aeneae
734 847 907 906 stabat,
948 849 1047 895 huc
1083 846 1298 910 impetus
1334 846 1468 894 illam

201 928 443 976 detulerat
479 929 626 976 fixam
664 937 712 976 et
748 930 881 977 lenta
917 928 1082 977 radice
1123 928 1337 977 tenebat.

200 1007 427 1058 incubuit
462 1009 716 1073 voluitque
753 1027 904 1058 manu
941 1011 1218 1059 convellere
1254 1011 1435 1058 ferrum

202 1091 530 1151 Dardanides,
569 1093 770 1155 teloque
807 1091 947 1155 sequi
984 1108 1134 1155 quem
1170 1093 1412 1155 prendere
1448 1107 1592 1139 cursu
1795 1107 1871 1151 775

200 1189 303 1221 non
339 1182 543 1236 poterat.
619 1183 725 1222 tum
762 1190 878 1222 vero
914 1190 1087 1222 amens
1124 1172 1390 1222 formidine
1426 1174 1625 1220 Turnus

204 1256 416 1314 ‘Faune,
454 1271 643 1317 precor,
684 1254 941 1303 miserere'
978 1253 1151 1317 inquit,
1195 1258 1376 1316 ‘tuque
1412 1252 1601 1316 optima
1636 1253 1817 1300 serrum

200 1337 352 1384 Terra
387 1345 514 1395 tene,
555 1335 687 1385 colui
723 1345 908 1385 vestros
947 1334 986 1384 si
1023 1351 1217 1398 semper
1252 1336 1480 1394 honores,

200 1434 326 1481 quos
363 1428 534 1467 contra
569 1420 838 1468 Aeneadae
874 1419 1007 1467 bello
1044 1419 1203 1466 fecere
1239 1418 1501 1480 profanos.'

200 1498 333 1559 dixit,
374 1516 623 1563 opemque
659 1499 741 1549 dei
778 1516 881 1548 non
918 1515 1056 1548 cassa
1092 1497 1142 1546 in
1178 1507 1294 1546 vota
1328 1496 1533 1545 vocavit.
1797 1505 1874 1556 780

199 1598 417 1644 namque
453 1582 539 1630 diu
575 1584 768 1630 luctans
805 1583 1041 1644 lentoque
1076 1579 1127 1628 in
1165 1579 1314 1642 stirpe
1350 1587 1567 1626 moratus

200 1663 384 1712 viribus
420 1665 555 1712 haud
592 1663 703 1711 ullis
738 1662 891 1712 valuit
927 1661 1205 1710 discludere
1242 1676 1432 1709 morsus

199 1744 389 1793 roboris
425 1747 635 1793 Aeneas.
710 1746 834 1793 dum
870 1743 1040 1792 nititur
1074 1760 1187 1792 acer
1222 1752 1271 1792 et
1306 1741 1467 1800 instat,

199 1842 363 1873 rursus
399 1824 452 1873 in
486 1825 683 1889 aurigae
719 1825 898 1874 faciem
934 1833 1122 1872 mutata
1161 1822 1359 1872 Metisci

199 1907 439 1970 procurrit
474 1906 708 1969 fratrique
744 1923 915 1955 ensem
952 1907 1048 1954 dea
1084 1904 1281 1953 Daunia
1316 1903 1491 1952 reddit.
1795 1910 1871 1964 785

200 1989 338 2051 quod
373 1990 547 2036 Venus
582 1986 761 2036 audaci
797 1988 1046 2050 nymphae
1081 1985 1335 2048 indignata
1370 1984 1516 2031 licere

199 2069 408 2120 accessit
443 2071 698 2132 telumque
733 2070 832 2116 alta
867 2069 931 2116 ab
967 2066 1132 2116 radice
1167 2065 1365 2114 revellit.

200 2151 285 2199 olli
313 2150 558 2200 sublimes
594 2149 742 2198 armis
778 2148 1059 2211 animisque
1094 2146 1276 2206 refecti,

199 2233 279 2281 hic
315 2232 480 2296 gladio
517 2233 690 2291 fidens,
730 2230 811 2279 hic
847 2247 959 2278 acer
996 2239 1044 2278 et
1078 2230 1259 2276 arduus
1297 2230 1448 2284 hasta,

198 2314 443 2363 adsistunt
479 2323 651 2362 contra
687 2311 956 2361 certamina
994 2309 1166 2358 Martis
1202 2308 1379 2357 anheli.
1782 2323 1873 2367 790

269 2397 516 2444 Iunonem
553 2394 740 2442 interea
776 2410 859 2441 rex
895 2389 1250 2454 omnipotentis
1288 2388 1488 2451 Olympi

198 2476 482 2539 adloquitur
519 2476 651 2523 fulva
688 2490 878 2537 pugnas
918 2474 981 2521 de
1020 2472 1153 2520 nube
1190 2479 1441 2518 tuentem:

202 2563 356 2622 ‘quae
391 2557 491 2606 iam
528 2556 639 2605 finis
677 2555 779 2615 erit,
821 2554 1076 2604 coniunx?
1128 2551 1249 2616 quid
1287 2550 1504 2613 denique
1540 2550 1729 2598 restat?

198 2639 466 2702 indigetem
505 2641 713 2686 Aenean
751 2636 844 2685 scis
882 2635 988 2698 ipsa
1025 2643 1073 2683 et
1110 2633 1233 2683 scire
1269 2631 1432 2680 fateris

199 2720 370 2769 deberi
406 2721 544 2769 caelo
581 2719 792 2782 fatisque
827 2719 892 2766 ad
929 2717 1089 2766 sidera
1125 2714 1242 2764 tolli.
1792 2727 1868 2771 795

223 2892 225 2895 .
256 2850 443 2899 765—795
461 2846 551 2885 MP
689 2859 765 2896 773
788 2851 830 2885 et
845 2859 927 2885 om.
949 2844 1107 2883 M²a¹hl
1194 2843 1245 2882 ab
1267 2842 1410 2880 radice
1423 2839 1533 2879 M2P
1633 2851 1711 2888 779
1731 2835 1867 2888 bello]

200 2903 313 2941 ferro
334 2902 379 2954 7²
399 2901 607 2941 deteriores
633 2900 805 2950 quidam
976 2900 1053 2949 782
1085 2898 1327 2937 discurrere
1355 2894 1495 2945 M17‘2:
1539 2891 1779 2932 convellere
1807 2889 1873 2929 a¹c

200 2957 406 2996 detm'ores
585 2955 663 3004 784
694 2955 874 3006 mutata]
898 2965 1104 2993 conversa
1124 2951 1236 2990 M‘P
1411 2949 1488 2999 788
1517 2947 1789 2994 animumque
1807 2943 1869 2983 P1

202 3023 282 3060 790
313 3010 545 3049 certamine
566 3009 588 3046 b
607 3007 822 3058 detenbres,
847 3007 1030 3060 agnoscit
1046 3005 1161 3046 Serv.
