2014 3372
233 143 286 189 P.
326 140 626 189 VERGILI
666 138 993 188 MARONIS

232 278 391 328 vitalis
428 278 599 342 carpis,
641 277 841 340 Tyriam
879 276 964 340 qui
1000 275 1258 326 adveneris
1294 277 1484 326 urbem.
1718 343 1721 346 η

230 379 379 425 perge
416 363 571 410 modo
606 370 757 423 atque
793 359 911 408 hinc
946 368 996 407 te
1031 358 1229 423 reginae
1264 360 1329 408 ad
1365 359 1539 407 limina
1574 360 1745 422 perfer.

230 459 449 506 namque
486 441 575 491 tibi
612 443 820 490 reduces
857 440 1019 490 socios
1056 442 1366 503 classemque
1402 442 1605 489 relatam
1828 460 1908 503 390

231 526 409 575 nuntio
445 534 494 574 et
529 525 580 573 in
618 533 780 573 tutum
816 523 967 573 versis
1003 522 1340 586 Aquilonibus
1375 531 1553 583 actam,

231 608 282 656 ni
319 610 494 656 frustra
529 607 789 671 augurium
825 607 940 655 vani
976 608 1193 656 docuere
1228 614 1470 669 parentes.

230 690 397 754 aspice
433 690 510 740 bis
548 707 695 739 senos
732 689 959 739 laetantis
995 688 1193 752 agmine
1230 705 1426 751 cycnos,

230 772 449 821 aetheria
485 789 613 835 quos
649 774 788 835 lapsa
823 773 967 835 plaga
1005 770 1138 820 Iovis
1175 772 1276 819 ales
1312 779 1485 833 aperto

230 856 462 904 turbabat
499 857 639 904 caelo
656 874 669 917 3
718 872 853 903 nunc
889 864 1040 903 terras
1077 853 1251 902 ordine
1287 855 1439 917 longo
1828 871 1906 914 395

229 946 316 986 aut
352 954 529 1000 capere
565 947 651 986 aut
687 946 856 1000 captas
893 937 991 986 iam
1030 938 1318 999 despectare
1354 935 1618 985 videntur:

230 1028 285 1067 ut
321 1021 529 1068 reduces
566 1019 634 1067 illi
671 1021 853 1068 ludunt
889 1018 1211 1068 stridentibus
1248 1018 1337 1067 alis

230 1109 279 1149 et
316 1109 463 1149 coetu
500 1100 696 1149 cinxere
732 1103 905 1164 polum
943 1109 1218 1162 cantusque
1255 1101 1451 1159 dedere,

230 1183 366 1231 haud
402 1181 543 1230 aliter
577 1199 872 1245 puppesque
909 1191 1023 1230 tuae
1059 1182 1319 1244 pubesque
1356 1190 1555 1229 tuorum

229 1272 315 1311 aut
350 1272 550 1326 portum
587 1272 723 1312 tenet
758 1272 843 1311 aut
880 1265 1031 1326 pleno
1068 1261 1201 1310 subit
1237 1261 1363 1310 ostia
1397 1263 1521 1310 vel'o.
1825 1280 1910 1321 400

229 1361 379 1408 perge
416 1346 570 1394 modo
607 1354 669 1404 et,
709 1362 808 1408 qua
844 1353 892 1393 te
929 1343 1067 1393 ducit
1102 1343 1192 1403 via,
1233 1343 1400 1406 derige
1435 1343 1688 1406 gressum.'

300 1426 437 1474 Dixit
474 1436 523 1474 et
558 1435 784 1475 avertens
820 1443 962 1474 rosea
999 1424 1188 1473 cervice
1225 1424 1424 1484 refulsit,

229 1507 609 1571 ambrosiaeque
645 1524 820 1556 comae
857 1507 1081 1556 divinum
1117 1505 1299 1554 vertice
1335 1507 1543 1555 odorem
1572 1495 1581 1501 ”

231 1590 474 1653 spiravere
492 1609 506 1651 ,-
553 1591 706 1653 pedes
743 1588 892 1637 vestis
930 1587 1135 1637 defluxit
1171 1589 1236 1636 ad
1272 1587 1434 1648 imos3

231 1682 280 1721 et
317 1689 431 1721 vera
467 1671 664 1720 incessu
701 1670 860 1734 patuit
897 1673 1003 1719 dea.
1080 1669 1161 1718 ille
1198 1669 1285 1718 ubi
1321 1677 1530 1718 matrem
1826 1690 1906 1730 405

229 1754 430 1818 agnovit
467 1754 551 1802 tali
587 1753 859 1816 fugientem
897 1762 971 1801 est
1006 1769 1129 1801 voce
1166 1761 1398 1800 secutus:

236 1835 386 1898 ‘quid
423 1844 596 1883 natum
634 1834 829 1894 totiens,
871 1833 1083 1883 crudelis
1122 1842 1175 1882 tu
1214 1849 1430 1896 quoque,
1470 1831 1603 1881 falsis

230 1917 361 1965 ludis
398 1916 739 1980 imaginibus?
811 1933 897 1964 cur
934 1917 1134 1964 dextrae
1171 1914 1373 1978 iungere
1408 1915 1632 1963 dextram

231 2015 334 2047 non
373 2000 516 2047 datur
551 2015 611 2046 ac
647 2014 784 2046 veras
821 1996 993 2046 audire
1030 2005 1079 2045 et
1115 1997 1322 2045 reddere
1358 1997 1569 2044 voces?'

230 2080 411 2129 talibus
449 2079 644 2128 incusat
679 2095 1002 2142 gressumque
1038 2080 1104 2127 ad
1142 2077 1342 2126 moenia
1377 2076 1550 2125 tendit.
1827 2096 1910 2137 410

229 2172 279 2211 at
315 2165 488 2210 Venus
525 2162 739 2210 obscuro
775 2159 1042 2223 gradientis
1080 2162 1192 2208 aere
1229 2158 1424 2222 saepsit,

231 2254 280 2293 et
317 2245 475 2292 multo
512 2244 725 2291 nebulae
762 2242 947 2290 circum
988 2244 1083 2290 dea
1120 2241 1247 2289 fudit
1282 2240 1483 2299 amictu,

232 2342 431 2374 cernere
468 2341 531 2372 ne
568 2323 678 2387 quis
716 2340 802 2372 eos
838 2339 937 2371 neu
977 2321 1087 2386 quis
1125 2320 1411 2385 contingere
1447 2329 1615 2383 posset

231 2406 452 2455 molirive
489 2422 680 2454 moram
716 2414 801 2454 aut
837 2403 1072 2453 veniendi
1108 2420 1314 2466 poscere
1349 2419 1536 2451 causas.

229 2490 337 2553 ipsa
374 2489 602 2551 Paphum
640 2486 865 2536 sublimis
902 2485 1005 2535 abit
1043 2487 1287 2548 sedesque
1323 2483 1488 2533 revisit
1826 2504 1906 2544 4¹5

230 2573 359 2619 laeta
395 2586 522 2628 suas,
562 2568 649 2617 ubi
686 2569 930 2631 templum
967 2566 1050 2626 illi,
1091 2575 1394 2629 centumque
1431 2565 1624 2614 Sabaeo

231 2661 338 2700 ture
375 2652 538 2699 calent
574 2667 686 2698 arae
724 2649 965 2712 sertisque
1003 2647 1284 2698 recentibus
1323 2648 1504 2695 halant.

286 2780 476 2831 388-417
499 2778 667 2818 GMPR
836 2779 917 2827 389
938 2776 1149 2815 damnant
1169 2775 1269 2814 Rau
1289 2775 1461 2814 Kviffala
1481 2773 1653 2813 Ribbeck
1734 2775 1816 2825 396
1834 2781 1908 2814 aut

230 2841 379 2885 captas
418 2833 711 2884 GMR7²bc³rr:
757 2838 829 2872 aut
868 2838 1016 2882 captus
1049 2831 1136 2869 P1:
1187 2836 1260 2870 aut
1293 2836 1439 2881 captos
1469 2829 1605 2880 P²712
1644 2834 1841 2879 acceptas
1872 2829 1908 2867 ι·ι

211 2896 479 2940 ⁴respectare
500 2888 550 2939 P,
567 2888 761 2939 primam
789 2888 967 2925 litteram
998 2887 1040 2924 in
1075 2898 1225 2924 rasura
1246 2886 1290 2924 in
1311 2885 1500 2936 margine
1525 2885 1777 2933 despectare
1797 2883 1907 2922 exhi-

231 2945 291 2983 bet
318 2960 348 2995 γ
461 2956 539 2993 401
573 2943 707 2991 dirige
727 2941 914 2979 MR2bcn
1025 2954 1106 2989 412
1136 2941 1313 2979 multum
1340 2939 1416 2978 Gb¹
1437 2938 1623 2978 Isidorus
1707 2937 1905 2977 amictum

231 2999 339 3038 idem
454 3010 535 3047 413
566 2995 672 3047 neu]
695 3009 749 3034 ne
770 2995 828 3033 Ρι
942 2996 1078 3045 possit
1103 2994 1302 3045 GR7bc¹rr
