2014 3372
1356 158 1717 208 AENEIDOS
1755 158 1860 206 ΧΠ

198 311 249 351 et
286 303 547 364 Messapus
582 317 769 364 equum
804 300 1021 350 domitor
1055 309 1103 349 et
1137 298 1469 349 fortis·Asilas
1516 319 1520 321 ·

199 385 577 444 Tuscorumque
612 383 827 444 phalanx
864 380 1183 444 Euandrique
1219 382 1437 429 Arcades
1471 380 1593 438 alae,

200 479 290 525 pro
326 479 379 510 se
414 462 624 524 quisque
658 461 747 509 viri
783 478 977 510 summa
1011 461 1233 509 nituntur
1268 478 1420 524 opum
1455 460 1502 509 vi
1517 478 1533 522 5

198 561 293 593 nec
329 560 468 592 mora
500 560 594 592 nec
629 543 836 607 requies,
873 552 1012 592 vasto
1047 543 1313 592 certamine
1349 543 1571 591 tendunt.

270 623 372 672 Hic
407 633 626 672 mentem
662 626 864 672 Aeneae
898 623 1117 687 genetrix
1151 622 1478 686 pulcherrima
1513 621 1644 670 misit

200 704 291 753 iret
326 714 379 753 ut
415 707 479 753 ad
516 722 682 754 muros
719 704 929 768 urbique
964 706 1238 754 adverteret
1272 720 1452 767 agmen

124 824 128 827 .
201 785 339 834 ocius
376 795 425 834 et
460 785 622 834 subita
657 787 873 835 turbaret
909 787 1050 834 clade
1087 785 1302 834 Latinos.

201 865 282 914 ille
318 875 372 914 ut
407 867 650 929 vestigans
685 866 877 929 diversa
912 883 999 929 per
1033 866 1229 930 agmina
1263 869 1489 914 Turnum

200 949 299 996 huc
334 958 483 1011 atque
518 951 616 997 huc
650 948 780 997 acies
816 948 1125 1007 circumtulit,
1163 947 1337 1011 aspicit
1372 949 1546 997 urbem

201 1028 474 1078 immunem
510 1030 633 1078 tanti
670 1029 786 1078 belli
820 1039 970 1093 atque
1006 1030 1209 1092 impune
1245 1029 1476 1093 quietam.

201 1110 440 1159 continuo
474 1128 669 1174 pugnae
704 1111 934 1160 accendit
970 1110 1165 1159 maioris
1202 1110 1394 1174 imago:

204 1193 468 1239 Mnesthea
504 1194 884 1255 Sergestumque
920 1202 1064 1240 vocat
1099 1194 1376 1254 fortemque
1414 1194 1662 1241 Serestum

201 1273 445 1331 ductores,
484 1275 830 1335 tumulumque
865 1272 997 1335 capit
1031 1289 1131 1335 quo
1167 1281 1328 1321 cetera
1363 1274 1613 1321 Teucrum

201 1353 446 1401 concurrit
481 1353 622 1416 legio,
661 1370 754 1402 nec
790 1363 928 1402 scuta
962 1363 1046 1402 aut
1082 1353 1270 1416 spicula
1304 1353 1446 1402 densi
1495 1383 1500 1386 -

201 1435 472 1496 deponunt.
546 1436 680 1483 celso
715 1434 909 1483 medius
946 1443 1078 1483 stans
1114 1451 1287 1498 aggere
1322 1436 1481 1483 fatur:

205 1517 294 1562 ‘ne
329 1531 428 1576 qua
463 1514 584 1562 meis
621 1523 726 1563 esto
763 1514 906 1563 dictis
944 1531 1092 1574 mora,
1133 1514 1355 1578 Iuppiter
1390 1517 1483 1563 hac
1519 1523 1626 1574 stat,

200 1610 298 1642 neu
334 1594 443 1656 quis
480 1595 547 1642 ob
582 1594 836 1657 inceptum
872 1594 1090 1643 subitum
1127 1595 1246 1643 mihi
1284 1594 1478 1657 segnior
1512 1595 1594 1643 ito.

200 1675 373 1723 urbem
410 1674 572 1734 hodie,
613 1692 812 1724 causam
848 1674 979 1734 belli,
1018 1691 1166 1738 regna
1200 1674 1306 1737 ipsa
1341 1674 1519 1734 Latini,

197 1755 252 1802 ni
287 1757 480 1803 frenum
514 1755 738 1818 accipere
774 1765 822 1803 et
857 1755 972 1803 victi
1008 1772 1175 1817 parere
1211 1757 1435 1815 fatentur,

200 1852 367 1884 eruam
404 1845 452 1884 et
487 1852 646 1898 aequa
680 1838 788 1885 solo
823 1836 1062 1884 fumantia
1097 1835 1314 1884 culmina
1347 1853 1545 1898 ponam.

200 1917 385 1966 scilicet
422 1927 702 1980 exspectem
738 1917 888 1966 libeat
923 1920 1045 1967 dum
1080 1919 1266 1980 proelia
1300 1920 1472 1967 Turno

199 2007 366 2046 nostra
400 1998 502 2060 pati
537 2015 800 2061 rursusque
834 1998 951 2047 velit
986 2015 1275 2047 concurrere
1310 1997 1507 2047 victus?

199 2079 296 2126 hoc
333 2088 492 2141 caput,
534 2096 565 2127 o
602 2078 746 2138 cives,
786 2081 910 2127 haec
947 2079 1063 2127 belli
1102 2096 1295 2127 summa
1330 2079 1545 2127 nefandi.

199 2160 319 2207 ferte
355 2161 485 2208 faces
521 2176 728 2223 propere
766 2161 1042 2223 foedusque
1082 2159 1324 2223 reposcite
1363 2160 1603 2208 flammis.'

198 2239 396 2298 dixerat,
435 2250 584 2303 atque
619 2240 796 2290 animis
834 2241 1012 2304 pariter
1051 2241 1351 2289 certantibus
1387 2257 1561 2290 omnes

198 2321 318 2368 dant
355 2338 569 2369 cuneum
606 2323 860 2384 densaque
898 2324 963 2370 ad
1004 2338 1169 2370 muros
1208 2323 1339 2370 mole
1374 2324 1605 2370 feruntur.

198 2400 357 2446 scalae
392 2399 659 2462 improviso
696 2400 988 2462 subitusque
1024 2399 1248 2462 apparuit
1284 2399 1420 2462 ignis.
1503 2422 1505 2425 ·

197 2479 476 2528 discurrunt
510 2481 592 2529 alii
626 2483 691 2530 ad
727 2491 891 2544 portas
928 2481 1213 2544 primosque
1250 2481 1508 2540 trucidant,

197 2561 377 2607 ferrum
412 2561 494 2608 alii
530 2571 762 2624 torquent
798 2571 847 2610 et
884 2562 1185 2611 obumbrant
1219 2565 1418 2612 aethera
1447 2563 1574 2611 telis.

198 2638 302 2701 ipse
338 2640 463 2689 inter
497 2642 681 2703 primos
719 2644 938 2691 dextram
980 2644 1073 2691 sub
1110 2644 1308 2692 moenia
1343 2644 1502 2693 tendit

197 2722 407 2779 Aeneas,
447 2738 723 2784 magnaque
760 2722 952 2771 incusat
987 2740 1109 2772 voce
1147 2725 1380 2773 Latinum

196 2808 498 2864 testaturque
535 2803 656 2851 deos
693 2802 869 2852 iterum
906 2820 958 2852 se
993 2807 1058 2854 ad
1094 2806 1279 2868 proelia
1316 2807 1439 2870 cogi,

251 2933 437 2980 550-581
461 2931 591 2970 MPR
756 2945 837 2983 559
865 2934 1051 2983 quietem
1065 2933 1155 2984 R71
1295 2937 1376 2985 568
1405 2936 1559 2975 fatetur
1580 2935 1632 2974 M
1635 2936 1645 2957 ¹

196 2985 370 3033 properi
390 2999 432 3023 m
456 2985 737 3038 Menagianus
755 2987 784 3025 I
797 2987 1003 3027 detercbres
1023 2988 1206 3039 quidam,
1225 2991 1374 3041 probat
1391 2991 1561 3041 Bentley

1782 315 1861 356 550

1783 722 1862 764 555

1786 1118 1865 1169 560

1786 1522 1863 1574 565

1719 2361 1723 2364 ·
1783 2340 1861 2385 575

1783 2735 1863 2785 580

1780 2948 1860 2988 573
