2014 3372
1343 169 1707 219 AENEIDOS
1746 169 1821 216 IV

155 311 430 369 Dardanus,
471 318 519 359 et
553 318 750 358 nostrae
785 325 955 358 secum
991 310 1111 357 ferat
1147 307 1316 357 omina
1350 307 1551 357 mortis.'

153 390 352 451 dixerat,
390 400 539 454 atque
574 390 708 438 illam
744 390 910 439 media
944 390 1071 438 inter
1106 389 1220 438 talia
1250 379 1382 438 'ferro

152 474 439 535 conlapsam
474 471 721 535 aspiciunt
756 471 977 531 comiteS,
1016 488 1287 534 ensemque
1323 488 1495 520 cruore

152 564 465 617 spumantem
502 570 792 617 sparsasque
828 570 1017 602 manus.
1091 553 1128 601 it
1164 555 1349 602 clamor
1383 554 1447 601 ad
1482 554 1581 601 alta
1740 559 1819 611 665

150 634 303 682 atria:
353 651 646 683 concussam
685 635 954 683 bacchatur
991 637 1144 682 Fama
1180 651 1266 697 per
1300 634 1488 682 urbem.

151 716 377 764 lamentis
413 715 698 779 gemituque
734 725 782 764 et
818 715 1034 765 femineo
1070 717 1258 768 ululatu

151 806 279 845 tecta
315 799 544 856 fremunt,
582 806 778 845 resonat
814 797 1004 859 magnis
1040 796 1360 860 plangoribus
1394 798 1578 857 aether,

150 894 252 926 non
287 878 425 926 aliter
461 895 610 941 quam
646 878 687 926 si
721 877 952 926 immissis
988 887 1095 926 ruat
1131 878 1357 927 hostibus
1393 877 1555 927 omnis

152 961 406 1022 Karthago
441 969 525 1008 aut
560 959 764 1022 antiqua
800 962 972 1022 Tyros,
1010 962 1341 1022 flammaeque
1376 963 1592 1009 furentes
1737 967 1820 1021 670

149 1040 365 1088 culmina
401 1057 586 1103 perque
622 1041 883 1089 hominum
919 1043 1178 1090 volvantur
1213 1058 1399 1105 perque
1435 1044 1656 1091 deorum.

147 1120 574 1170 audiit-exanimis
611 1121 904 1185 trepidoque
940 1123 1164 1171 exterrita
1200 1139 1345 1171 cursu

148 1202 395 1265 unguibus
433 1220 517 1251 ora
552 1220 689 1251 soror
724 1205 930 1251 foedans
969 1214 1017 1252 et
1052 1213 1254 1266 pectora
1290 1203 1467 1267 pugnis

147 1300 234 1346 per
269 1283 461 1332 medios
499 1283 606 1343 ruit,
646 1301 704 1332 ac
740 1284 1034 1333 morientem
1070 1284 1274 1333 nomine
1310 1287 1519 1333 clamat:

151 1366 277 1413 ‘hoc
313 1364 447 1424 illud,
485 1381 730 1427 germana,
770 1364 899 1413 fuit?
947 1382 1027 1413 me
1062 1367 1234 1414 fraude
1269 1366 1513 1429 petebas?
1736 1375 1814 1427 675

146 1447 242 1493 hoc
278 1462 423 1508 rogus
460 1444 550 1494 iste
586 1445 722 1505 mihi,
761 1447 858 1494 hoc
894 1445 1030 1508 ignes
1066 1463 1278 1508 araeque
1314 1447 1591 1509 parabant?

146 1526 516 1588 quidffprimum
556 1529 749 1576 deserta
785 1530 996 1590 querar?
1042 1527 1344 1576 comitemne
1380 1544 1598 1576 sororem

145 1607 367 1670 sprevisti
405 1607 656 1656 moriens?
704 1609 880 1657 eadem
917 1625 997 1656 me
1033 1609 1098 1656 ad
1133 1610 1233 1656 fata
1267 1625 1528 1656 vocasses:

143 1688 278 1737 idem
314 1690 487 1738 ambas
524 1691 650 1738 ferro
687 1691 830 1738 dolor
864 1699 1014 1752 atque
1050 1691 1227 1738 eadem
1264 1691 1385 1738 hora
1421 1689 1622 1738 tulisset.

144 1771 219 1819 his
257 1771 406 1819 etiam
444 1771 593 1820 struxi
630 1771 859 1819 manibus
896 1771 1180 1834 patriosque
1216 1771 1389 1820 vocavi
1734 1779 1814 1820 680

143 1869 265 1901 voce
302 1854 438 1912 deos,
478 1852 548 1902 sic
584 1862 632 1901 te
670 1862 722 1901 ut
758 1853 931 1916 posita,
970 1852 1196 1912 crudelis,
1235 1853 1499 1901 abessem?

143 1933 370 1982 exstinxti
406 1943 454 1982 te
490 1951 683 1997 meque,
724 1951 871 1993 soror,
912 1936 1254 1997 populumque
1290 1943 1552 1996 patresque

143 2013 374 2063 Sidonios
411 2015 685 2077 urbemque
721 2024 869 2062 tuam.
944 2016 1071 2073 date,
1111 2016 1314 2062 vulnera
1347 2014 1560 2076 lymphis

141 2095 340 2143 abluam
378 2106 440 2155 et,
480 2106 725 2144 extremus
762 2095 803 2143 si
839 2095 948 2158 quis
986 2112 1131 2158 super
1166 2095 1346 2143 halitus
1383 2105 1520 2154 errat,

142 2192 225 2224 ore
260 2179 449 2239 legam.'
520 2177 589 2226 sic
626 2179 725 2225 fata
761 2178 940 2239 gradus
977 2185 1195 2224 evaserat
1231 2178 1370 2235 altos,
1728 2185 1807 2236 685

142 2257 583 2320 semianimemque
620 2257 730 2305 sinu
766 2273 1051 2319 germanam
1087 2258 1313 2318 amplexa
1349 2256 1546 2304 fovebat

141 2354 255 2385 cum
291 2339 476 2401 gemitu
513 2348 662 2401 atque
700 2347 830 2386 atros
868 2337 1085 2386 siccabat
1121 2346 1255 2385 veste
1292 2353 1500 2384 cruores.

140 2417 222 2465 illa
256 2419 413 2481 gravis
449 2421 619 2467 oculos
657 2428 835 2467 conata
870 2419 1091 2466 attollere
1128 2434 1291 2465 rursus

140 2499 336 2560 deficit3
383 2500 589 2548 infixum
626 2500 784 2548 stridit
821 2500 913 2547 sub
950 2508 1149 2561 pectore
1184 2499 1374 2545 vulnus.

139 2588 212 2627 ter
247 2596 354 2628 sese
389 2583 618 2629 attollens
655 2580 923 2642 cubitoque
958 2578 1138 2628 adnixa
1173 2577 1361 2636 levavit,
1727 2586 1807 2639 690

139 2670 212 2708 ter
246 2664 465 2710 revoluta
501 2671 609 2711 toro
645 2672 718 2710 est
754 2662 1010 2724 oculisque
1047 2661 1320 2709 errantibus
1356 2661 1456 2707 alto

139 2742 378 2804 quaesivit
414 2745 553 2791 caelo
587 2745 749 2791 lucem
787 2742 1127 2805 ingemuitque
1163 2750 1365 2804 reperta.

192 2872 385 2911 662-688
422 2871 573 2916 FMP;
631 2872 823 2921 689-692
862 2869 954 2907 MP
1252 2870 1331 2907 662
1361 2880 1506 2906 secum
1546 2873 1718 2907 nostrae
1740 2868 1806 2908 Ml

138 2925 218 2962 668
247 2926 512 2974 clangoribus
531 2924 596 2962 Pa
717 2926 798 2974 669
827 2925 909 2963 ruit
928 2924 984 2961 Pl
1108 2925 1184 2971 671
1218 2923 1439 2962 volvuntur
1459 2920 1599 2972 P¹7²c¹
1723 2924 1805 2971 690

137 2978 291 3016 attollit
311 2979 392 3020 P1:
426 2980 590 3018 attollet
610 2978 667 3018 P²
835 2981 916 3028 692
947 2983 1161 3027 repertam
1183 2976 1236 3014 M
1241 2976 1372 3027 ι’γὸεῖπ

195 3057 325 3086 VERG.
439 3086 442 3088 ,
1644 3054 1695 3092 14
