2014 3372
223 152 276 199 P.
316 151 615 200 VERGILI
656 151 983 201 MARONIS

221 296 465 356 pastorale
502 294 632 342 canit
669 293 865 356 signum
902 310 1157 357 cornuque
1191 310 1395 343 recurvo

223 377 507 424 Tartaream
543 374 756 424 intendit
790 391 980 434 vocem,
1019 392 1119 438 qua
1152 375 1376 439 protinus
1412 391 1563 424 omne

222 457 519 506 contremuit
555 474 731 506 nemus
768 467 817 506 et
853 458 1003 506 silvae
1038 457 1302 507 insonuere
1338 458 1615 522 profundae
1632 474 1646 517 3
1819 476 1898 517 515

221 539 378 588 audiit
414 548 462 588 et
499 539 694 588 Triviae
730 541 877 602 longe
913 541 1063 599 lacus,
1102 538 1259 588 audiit
1293 539 1455 587 amnis

223 622 452 683 sulpurea
489 622 593 669 Nar
628 621 770 669 albus
807 637 937 684 aqua
973 622 1237 684 fontesque
1273 619 1453 680 Velini,

223 710 271 750 et
307 700 528 764 trepidae
565 710 744 750 matres
781 717 1002 764 pressere
1038 702 1103 750 ad
1139 710 1341 764 pectora
1376 710 1533 749 natos.

221 791 328 831 tum
364 799 480 831 vero
515 784 580 831 ad
616 799 792 831 vocem
829 785 1026 842 celeres,
1065 799 1164 845 qua
1198 782 1383 831 bucina
1417 782 1614 846 signum

222 863 327 913 dira
363 863 516 924 dedit,
555 864 704 927 raptis
741 873 1041 913 concurrunt
1078 863 1301 927 undique
1337 863 1446 913 telis
1822 883 1904 923 520

221 945 453 994 indomiti
489 945 747 1009 agricolae,
787 962 882 994 nec
918 962 1022 994 non
1058 954 1108 994 et
1143 944 1295 993 Troia
1334 945 1493 1008 pubes

221 1027 439 1076 Ascanio
475 1026 711 1076 auxilium
748 1026 917 1075 castris
954 1026 1164 1075 effundit
1198 1026 1391 1090 apertis.

222 1108 452 1156 derexere
487 1107 631 1156 acies.
706 1125 809 1156 non
845 1107 945 1156 iam
982 1107 1250 1156 certamine
1284 1106 1462 1169 agresti

222 1188 470 1252 stipitibus
508 1189 642 1238 duris
679 1188 838 1252 agitur
873 1188 1143 1237 sudibusve
1178 1188 1434 1251 praeustis,

222 1272 310 1320 sed
346 1272 471 1319 ferro
508 1269 712 1333 ancipiti
748 1272 1023 1319 decernunt
1057 1278 1262 1333 atraque
1297 1271 1395 1318 late
1796 1289 1900 1330 *525

221 1352 457 1402 horrescit
494 1351 670 1401 strictis
709 1369 847 1416 seges
883 1351 1099 1412 ensibus,
1138 1369 1350 1415 aeraque
1386 1353 1574 1415 fulgent

221 1437 326 1484 sole
362 1435 587 1484 lacessita
624 1444 672 1484 et
708 1437 872 1483 lucem
908 1436 1003 1483 sub
1040 1434 1213 1483 nubila
1247 1433 1466 1483 iactant:

220 1519 399 1566 fluctus
436 1516 508 1565 uti
543 1515 704 1579 primo
740 1515 905 1579 coepit
939 1533 1057 1564 cum
1091 1517 1343 1565 albescere
1378 1526 1540 1576 vento,

221 1598 459 1663 paulatim
497 1615 605 1647 sese
641 1597 769 1647 tollit
805 1615 940 1647 mare
976 1607 1025 1647 et
1061 1597 1206 1647 altius
1242 1600 1403 1647 undas

222 1681 375 1745 erigit,
413 1680 532 1729 inde
567 1681 671 1730 imo
707 1680 958 1745 consurgit
994 1682 1060 1730 ad
1095 1682 1296 1729 aethera
1331 1681 1502 1729 fundo.
1821 1694 1904 1740 530

222 1762 303 1811 hic
339 1762 529 1811 iuvenis
566 1762 777 1826 primam
814 1772 929 1811 ante
965 1762 1125 1811 aciem
1162 1762 1400 1811 stridente
1436 1760 1624 1825 sagitta,

222 1854 452 1894 natorum
489 1844 666 1907 Tyrrhi
702 1847 859 1893 fuerat
896 1844 982 1907 qui
1018 1843 1276 1904 maximus,
1316 1845 1480 1903 Almo,

224 1926 452 1977 sternitur
469 1944 483 1987 3
529 1925 686 1975 haesit
722 1926 856 1975 enim
893 1927 986 1974 sub
1022 1935 1218 1989 gutture
1252 1927 1431 1973 vulnus
1468 1934 1517 1972 et
1552 1925 1681 1973 udae

226 2008 358 2058 vocis
395 2008 485 2057 iter
521 2018 823 2071 tenuemque
859 2007 1059 2056 inclusit
1096 2006 1335 2070 sanguine
1370 2006 1535 2054 vitam.

224 2107 431 2154 corpora
467 2092 624 2139 multa
658 2089 818 2138 virum
855 2088 985 2138 circa
1021 2088 1286 2151 seniorque
1323 2090 1577 2148 Galaesus,
1821 2106 1899 2147 535

224 2175 346 2221 dum
382 2171 493 2236 paci
530 2171 752 2220 medium
789 2188 842 2220 se
878 2173 1033 2230 offert,
1072 2170 1366 2218 iustissimus
1403 2186 1532 2217 unus

226 2253 310 2316 qui
347 2253 437 2302 fuit
474 2252 810 2316 Ausoniisque
847 2252 967 2301 olim
1005 2250 1276 2300 ditissimus
1312 2250 1469 2298 arvis:

225 2335 445 2398 quinque
481 2351 649 2398 greges
687 2334 756 2382 illi
793 2335 1064 2393 balantum,
1105 2332 1257 2396 quina
1290 2331 1518 2380 redibant

224 2426 459 2477 armenta,
500 2426 549 2465 et
585 2426 762 2465 terram
800 2425 1001 2464 centum
1039 2415 1260 2464 vertebat
1295 2413 1477 2462 aratris.

294 2501 460 2561 Atque
497 2515 555 2547 ea
590 2515 676 2561 per
713 2515 916 2561 campos
953 2515 1116 2561 aequo
1153 2499 1274 2546 dum
1314 2498 1475 2543 Marte
1510 2503 1757 2558 geruntur,
1821 2514 1902 2554 540

227 2580 455 2643 promissi
491 2582 586 2628 dea
621 2583 750 2629 facta
786 2591 977 2644 potens,
1003 2579 1106 2628 ubi
1144 2578 1383 2642 sanguine
1419 2577 1606 2625 bellum

227 2662 406 2710 imbuit
443 2671 491 2710 et
526 2662 713 2725 primae
751 2663 1000 2712 commisit
1037 2664 1208 2710 funera
1243 2676 1452 2723 pugnae,

283 2807 471 2845 513-542
503 2795 595 2834 MR
763 2809 843 2845 514
874 2795 1064 2834 incendit
1084 2793 1196 2832 M¹R
1220 2794 1281 2835 (in
1302 2791 1469 2842 rasura)
1638 2792 1718 2840 528
1747 2786 1899 2838 vento]

230 2856 360 2899 ponto
393 2850 529 2901 MR72
562 2850 866 2890 Canonicianus
895 2849 1140 2899 Macrobius,
1172 2847 1435 2887 commendat
1470 2846 1642 2885 Kvibala
1820 2855 1902 2893 540

228 2903 386 2956 aequo]
409 2917 536 2944 saevo
556 2904 788 2944 Markland
949 2916 1029 2955 542
1058 2901 1228 2953 funera]
1249 2914 1426 2941 munera
1445 2898 1674 2940 Markland
