2014 3372
251 160 302 208 P.
344 160 645 209 VERGILI
685 160 1011 210 MARONIS

248 314 332 346 rex
367 296 502 346 idem
541 307 589 347 et
626 298 727 361 regi
764 286 938 348 Turno
974 299 1277 363 gratissimus
1313 318 1481 366 augur,

248 379 338 427 sed
374 395 477 427 non
516 379 722 442 augurio
757 379 920 443 potuit
956 382 1205 444 depellere
1241 391 1446 445 pestem.

247 459 331 508 tris
369 459 502 508 iuxta
541 462 752 509 famulos
790 470 976 511 temere
1010 461 1137 511 inter
1173 464 1271 511 tela
1306 457 1510 512 iacentis

246 539 645 604 armigerumque
685 541 834 590 Remi
870 542 1048 606 premit
1083 542 1403 607 aurigamque
1440 545 1533 594 sub
1569 544 1688 609 ipsis
1852 565 1936 606 330

248 632 421 671 nactus
461 623 601 686 equis
640 625 870 687 ferroque
906 634 1040 673 secat
1076 625 1347 688 pendentia
1383 628 1511 675 colla
1528 645 1541 688 3

247 713 353 752 tum
392 713 541 768 caput
579 704 673 767 ipsi
708 707 867 754 aufert
903 705 1111 755 domino
1148 715 1479 770 truncumque
1515 706 1753 771 relinquit

247 786 485 849 sanguine
526 786 907 850 singultantem:
955 795 1062 836 atro
1098 788 1344 850 tepefacta
1379 804 1551 837 cruore

246 877 372 917 terra
409 867 604 931 torique
641 870 859 918 madent.
933 885 1027 918 nec
1063 885 1166 917 non
1204 870 1572 932 Lamyrumque
1616 871 1932 934 Lamumque

247 958 295 998 et
332 948 563 999 iuvenem
602 951 880 1009 Serranum,
919 949 1002 998 illa
1038 949 1123 1013 qui
1159 949 1371 1013 plurima
1406 959 1555 999 nocte
1848 969 1930 1011 335

245 1034 439 1092 luserat,
482 1031 686 1095 insignis
723 1033 863 1091 facie,
903 1034 1163 1095 multoque
1199 1033 1394 1082 iacebat

246 1115 471 1164 membra
508 1116 606 1164 deo
641 1114 799 1163 victus
819 1133 832 1175 3
878 1114 1006 1175 felix,
1046 1115 1086 1163 si
1122 1115 1345 1178 protinus
1381 1115 1520 1164 illum

245 1209 507 1264 aequasset
544 1201 680 1249 nocti
715 1202 891 1250 ludum
928 1201 980 1249 in
1016 1203 1282 1264 lucemque
1319 1200 1522 1249 tulisset.

245 1283 486 1347 impastus
525 1300 617 1332 ceu
655 1285 803 1347 plena
838 1285 918 1333 leo
953 1300 1042 1346 per
1077 1283 1224 1332 ovilia
1260 1284 1463 1332 turbans

247 1367 444 1429 (suadet
482 1367 617 1416 enim
654 1384 836 1416 vesana
871 1366 1049 1432 fames)
1086 1367 1378 1430 manditque
1415 1364 1663 1428 trahitque
1848 1383 1934 1424 340Υ

245 1450 397 1498 molle
433 1465 587 1512 pecus
624 1459 921 1512 mutumque
958 1458 1109 1509 metu,
1149 1449 1311 1498 fremit
1348 1465 1432 1497 ore
1470 1455 1706 1496 cruento:

244 1546 336 1579 nec
375 1530 538 1579 minor
575 1530 775 1593 Euryali
812 1532 1026 1591 caedes,
1073 1530 1305 1580 incensus
1343 1538 1391 1578 et
1427 1529 1534 1592 ipse

242 1611 445 1674 perfurit
482 1627 541 1660 ac
579 1613 787 1659 multam
824 1610 875 1659 in
913 1611 1081 1660 medio
1119 1611 1225 1660 sine
1262 1610 1466 1660 nomine
1504 1610 1718 1673 plebem,

244 1694 539 1756 Fadumque
579 1692 967 1756 Herbesumque
1004 1692 1137 1741 subit
1175 1694 1530 1754 Rhoetumque
1565 1689 1874 1754 Abarimque

240 1773 469 1838 ignaros3
522 1775 778 1823 Rhoetum
815 1773 1100 1837 vigilantem
1137 1782 1186 1823 et
1222 1782 1402 1822 cuncta
1436 1771 1703 1830 videntem,
1841 1787 1938 1831 345*

241 1858 330 1906 sed
367 1872 604 1919 magnum
645 1864 871 1905 metuens
910 1873 962 1904 se
998 1865 1111 1918 post
1148 1864 1333 1904 cratera
1370 1854 1580 1917 tegebat.

239 1946 439 2000 pectore
476 1936 527 1984 in
565 1938 774 1986 adverso
810 1945 972 1985 totum
1010 1936 1090 1985 cui
1126 1935 1406 1985 comminus
1445 1950 1616 1984 ensem

239 2018 465 2068 condidit
502 2016 786 2080 adsurgenti
824 2026 873 2066 et
909 2019 1065 2065 multa
1102 2025 1259 2066 morte
1297 2014 1482 2078 recepit

239 2115 573 2163 purpureum:
622 2097 778 2147 vomit
814 2097 895 2146 ille
931 2097 1150 2146 animam
1189 2107 1238 2147 et
1275 2114 1389 2146 cum
1428 2094 1667 2159 sanguine
1703 2093 1855 2143 mixta

237 2180 351 2229 vina
387 2182 531 2229 refert
568 2179 798 2239 moriens,
837 2179 920 2228 hic
955 2181 1085 2228 furto
1123 2179 1339 2229 fervidus
1379 2177 1541 2227 instat.
1842 2192 1923 2235 350

236 2261 437 2325 iamque
471 2263 537 2310 ad
576 2259 797 2324 Messapi
834 2260 996 2309 socios
1034 2261 1273 2310 tendebat
1290 2279 1303 2322 3
1353 2259 1423 2309 ibi
1459 2258 1625 2322 ignem

237 2345 450 2392 deficere
487 2351 760 2391 extremum
797 2351 847 2391 et
882 2342 1109 2406 religatos
1150 2343 1241 2391 rite
1278 2341 1481 2391 videbat

237 2440 435 2487 carpere
471 2440 673 2488 gramen
711 2440 900 2487 equos:
954 2424 1166 2474 breviter
1203 2440 1317 2472 cum
1355 2422 1471 2471 talia
1507 2419 1658 2469 Nisus

237 2505 411 2568 (sensit
448 2505 580 2554 enim
618 2505 771 2554 nimia
808 2508 962 2556 caede
999 2515 1149 2570 atque
1187 2504 1422 2568 cupidine
1458 2501 1590 2565 ferri)

239 2587 589 2636 ‘absistamus'
625 2587 705 2646 ait,
749 2592 894 2637 ‘nam
932 2590 1015 2637 lux
1052 2586 1253 2636 inimica
1288 2583 1601 2648 propinquat.
1663 2612 1665 2614 -
1839 2599 1915 2641 355

234 2686 508 2732 poenarum
546 2671 839 2719 exhaustum
880 2670 995 2719 satis
1034 2678 1121 2728 est,
1161 2668 1239 2716 via
1274 2669 1403 2715 facta
1438 2681 1526 2729 per
1560 2662 1747 2712 hostis)

290 2816 478 2853 327—353
510 2802 665 2848 MPR;
706 2802 897 2852 354—356
926 2799 1103 2839 MPRV
1341 2809 1423 2847 330
1455 2797 1634 2835 Remum
1654 2792 1735 2832 cod.
1755 2790 1916 2831 Domi!-

233 2859 375 2897 lianus
387 2859 414 2905 ²,
432 2860 579 2910 probat
600 2856 830 2897 Schrader:
863 2855 1206 2905 armigerumque
1222 2853 1387 2903 premit,
1406 2851 1560 2902 premit
1575 2849 1749 2888 Maurer
1758 2847 1916 2886 conlato

233 2913 347 2952 Serv.
372 2914 488 2953 adii.
515 2924 597 2963 530
712 2924 789 2961 341
823 2910 1086 2959 multumque
1099 2906 1297 2946 M¹P¹R:
1321 2913 1545 2956 motusque
1557 2902 1723 2952 Bentley
1832 2903 1915 2951 348

234 2969 387 3019 morte]
426 2969 658 3007 Cornutum
700 2972 826 3005 nocte
859 2965 998 3016 legisse
1027 2967 1201 3002 testatur
1230 2961 1347 3002 Serv.
1542 2970 1624 3007 349
1653 2967 1914 3007 purpureum

232 3023 347 3064 Serv.
373 3025 598 3063 Parisinus
631 3036 764 3072 7930:
808 3034 1065 3072 purpuream
1100 3019 1209 3059 codd.
1237 3022 1401 3070 praeter
1427 3016 1689 3065 Pum'sinum,
1722 3014 1908 3066 agnoscit

233 3078 351 3119 Serv.
370 3093 379 3119 ε
408 3090 668 3129 purpuream
688 3078 821 3116 vomit
843 3077 968 3127 vulgo
