2014 3372
208 181 260 227 P.
300 179 600 228 VERGILI
640 180 968 229 MARONIS

207 320 363 367 multa
398 336 562 379 manu,
604 336 698 368 nec
734 336 837 367 non
872 335 1150 382 aurumque
1185 318 1482 383 animusque
1519 320 1701 369 Latino
1738 330 1824 370 est.

207 410 323 449 sunt
357 400 482 449 aliae
518 400 759 463 innuptae
797 399 942 448 Latio
979 410 1028 449 et
1065 400 1397 449 Laurentibus
1435 401 1573 465 agris,

207 498 301 530 nec
336 498 491 544 genus
528 481 803 530 indecores.
880 481 985 530 sine
1022 499 1104 531 me
1141 483 1265 530 haec
1302 483 1437 531 haud
1475 482 1644 531 mollia
1679 485 1783 532 fatu
1835 503 1883 543 25

207 562 413 612 sublatis
449 562 639 627 aperire
675 562 816 622 dolis,
858 562 1004 611 simul
1043 565 1140 612 hoc
1177 562 1347 612 animo
1383 563 1556 612 hauri:

207 662 288 693 me
324 653 493 693 natam
530 642 652 693 nulli
688 653 911 693 veterum
950 644 1137 693 sociare
1173 661 1439 707 procorum

206 729 277 775 fas
315 736 430 786 erat,
469 725 621 790 idque
659 743 834 775 omnes
871 725 1072 789 divique
1109 725 1439 789 hominesque
1475 727 1737 789 canebant.

205 807 363 857 victus
399 826 568 857 amore
605 808 690 867 tui,
732 817 948 871 cognato
986 806 1226 871 sanguine
1262 807 1420 856 victus

206 890 430 954 coniugis
468 899 516 938 et
553 898 771 938 maestae
808 888 1033 948 lacrimis,
1071 888 1234 937 vincla
1269 888 1438 937 omnia
1474 888 1613 952 rupi:
1836 908 1888 950 30

206 972 500 1035 promissam
538 971 695 1036 eripui
731 989 926 1035 genero,
967 988 1103 1019 arma
1139 970 1292 1033 impia
1327 970 1528 1034 sumpsi.

208 1071 267 1102 ex
303 1054 388 1103 illo
425 1054 512 1117 qui
550 1071 629 1103 me
667 1071 824 1113 casus,
866 1070 1008 1117 quae,
1048 1056 1232 1112 Turne,
1273 1062 1543 1116 sequantur

206 1137 350 1197 bella,
390 1136 542 1197 vides,
585 1146 801 1200 quantos
838 1135 1026 1199 primus
1063 1135 1250 1198 patiare
1287 1135 1495 1184 labores.

205 1217 282 1266 bis
319 1235 499 1281 magna
534 1217 651 1266 victi
687 1234 855 1281 pugna
891 1216 971 1265 vix
1008 1217 1131 1265 urbe
1168 1225 1364 1264 tuemur

205 1317 318 1363 spes
357 1301 506 1348 Italas
524 1319 538 1361 3
586 1301 804 1348 recalent
840 1308 1011 1348 nostro
1049 1297 1285 1347 Tiberina
1321 1299 1507 1347 fluenta
1835 1318 1885 1359 35

206 1381 444 1444 sanguine
480 1382 646 1430 adhuc
684 1380 948 1443 campique
985 1379 1211 1443 ingentes
1248 1379 1443 1428 ossibus
1479 1380 1660 1430 albent.

206 1480 307 1526 quo
344 1465 526 1512 referor
564 1462 786 1512 totiens?
834 1479 963 1525 quae
1000 1471 1221 1510 mentem
1258 1461 1450 1510 insania
1486 1463 1683 1511 mutat?

206 1544 246 1592 si
282 1547 455 1593 Turno
492 1543 736 1592 exstincto
774 1542 936 1591 socios
974 1559 1084 1591 sum
1121 1542 1275 1591 ascire
1312 1551 1524 1605 paratus,

206 1643 292 1674 cur
328 1643 431 1675 non
469 1624 709 1674 incolumi
746 1624 911 1687 potius
948 1623 1219 1672 certamina
1255 1625 1416 1672 tollo?

206 1707 328 1770 quid
365 1706 723 1770 consanguinei
763 1705 952 1765 Rutuli,
994 1704 1116 1768 quid
1153 1714 1315 1754 cetera
1351 1704 1484 1754 dicet
1832 1727 1887 1766 40

208 1789 364 1849 Italia,
404 1791 470 1838 ad
507 1797 719 1838 mortem
756 1787 797 1836 si
834 1796 882 1836 te
921 1787 1040 1851 (fors
1079 1785 1212 1835 dicta
1248 1788 1426 1835 refutet
1447 1785 1477 1850 1)

205 1869 525 1934 prodiderim,
565 1879 733 1918 natam
771 1878 820 1917 et
856 1868 1074 1918 conubia
1110 1877 1278 1917 nostra
1313 1869 1604 1930 petentem?

205 1952 394 2015 respice
431 1969 506 2000 res
545 1952 678 1999 bello
714 1949 885 2009 varias,
926 1948 1156 1997 miserere
1193 1948 1409 2011 parentis

205 2033 444 2098 longaevi,
486 2050 637 2096 quem
674 2049 809 2080 nunc
846 2039 1091 2079 maestum
1126 2030 1284 2093 patria
1319 2031 1486 2079 Ardea
1520 2032 1668 2095 longe

206 2115 412 2165 dividit.'
485 2115 875 2177 haudquaquam
914 2111 1059 2160 dictis
1097 2110 1332 2159 violentia
1368 2111 1526 2159 Turni
1829 2128 1886 2172 45¹

206 2195 418 2245 flectitur
434 2215 447 2257 ;
495 2203 754 2259 exsuperat
792 2192 947 2257 magis
984 2192 1323 2255 aegrescitque
1360 2194 1626 2241 medendo.

206 2287 260 2328 ut
294 2278 509 2342 primum
545 2276 634 2325 fari
672 2274 849 2339 potuit,
890 2274 961 2322 sic
998 2273 1174 2322 institit
1211 2290 1328 2322 ore:

211 2365 387 2424 ‘quam
422 2377 512 2424 pro
549 2376 630 2408 me
667 2374 835 2407 curam
873 2355 1013 2420 geris,
1050 2357 1179 2404 hanc
1212 2372 1399 2418 precor,
1436 2354 1638 2417 optime,
1679 2371 1783 2418 pro·
1803 2373 1884 2405 me

205 2443 428 2505 deponas
464 2443 720 2503 letumque
757 2438 888 2487 sinas
925 2454 1015 2501 pro
1052 2438 1200 2486 laude
1236 2436 1431 2500 pacisci.

207 2533 255 2572 et
290 2540 381 2572 nos
418 2525 526 2582 tela,
567 2531 719 2586 pater,
758 2522 1041 2582 ferrumque
1079 2519 1215 2568 haud
1252 2517 1418 2567 debile
1454 2519 1625 2566 dextra
1832 2538 1885 2577 50

206 2604 490 2668 spargimus,
531 2612 579 2652 et
616 2612 786 2651 nostro
823 2601 1043 2665 sequitur
1081 2602 1145 2650 de
1182 2602 1382 2649 vulnere
1420 2599 1630 2663 sanguis.

204 2690 350 2751 longe
386 2687 455 2735 illi
491 2689 587 2736 dea
623 2695 779 2735 mater
816 2685 918 2745 erit,
960 2701 1089 2748 quae
1127 2684 1262 2732 nube
1299 2685 1526 2746 fugacem

203 2769 419 2819 feminea
455 2778 586 2832 tegat
623 2778 672 2817 et
707 2767 845 2816 vanis
883 2784 991 2816 sese
1028 2768 1225 2815 occulat
1262 2763 1480 2813 umbris.'

261 2898 397 2947 23—46
418 2896 576 2945 MPR;
608 2908 744 2946 47-53
765 2894 858 2933 MR
1130 2907 1182 2941 24
1213 2893 1327 2932 arvis
1348 2889 1402 2928 M
1593 2890 1648 2939 46
1676 2889 1881 2928 ardescit-

203 2953 484 3045 quenatttlilesndo
533 2953 594 3005 (in
640 2951 828 3002 margine
870 2948 1105 3001 aegrescit)
1149 2946 1202 2985 M
1473 2958 1525 2994 47
1567 2943 1717 2993 incipit
1756 2942 1882 2995 M7²n
