2014 3372
225 167 277 213 P.
318 166 617 214 VERGILI
657 167 985 216 MARONIS

223 306 427 370 insignis
464 309 610 371 longe
648 307 869 371 Phrygiis
905 309 1126 371 fulgebat
1161 308 1214 358 in
1249 310 1397 359 armis

223 398 639 452 spumantemque
675 389 892 451 agitabat
929 406 1130 453 equum,
1171 407 1322 454 quem
1358 391 1501 454 pellis
1543 392 1680 442 aenis
1788 414 1793 419 ¹
1822 395 1900 456 '770

221 469 272 518 in
308 473 530 533 plumam
568 470 785 534 squamis
822 488 942 520 auro
980 481 1208 521 conserta
1244 473 1453 536 tegebat.

221 551 326 615 ipse
363 553 617 616 peregrina
653 554 897 617 ferrugine
933 556 1092 602 clarus
1130 564 1179 603 et
1215 564 1349 604 ostro

220 635 409 698 spicula
446 637 709 699 torquebat
746 636 900 700 Lyci-o
939 637 1179 700 Gortynia
1216 655 1405 701 cornu3

219 734 394 766 aureus
432 734 492 766 ex
527 718 708 767 umeris
745 727 846 767 erat
883 735 1024 767 arcus
1061 728 1110 768 et
1146 737 1294 769 aurea
1329 720 1428 769 vati

219 799 411 848 cassida
429 817 443 859 3
491 808 601 848 tum
639 817 867 849 croceam
910 802 1327 864 chlamydemque
1371 802 1608 866 sinusque
1651 801 1896 867 crepantis

218 881 480 930 carbaseos
517 883 652 930 fulvo
689 881 740 929 in
777 884 969 931 nodum
1013 884 1278 946 collegerat
1313 899 1448 943 auro,
1706 900 1710 902 ·
1818 891 1896 945 776

218 962 378 1025 pictus
416 979 509 1011 acu
547 963 740 1011 tunicas
778 972 827 1012 et
863 964 1071 1012 barbara
1109 963 1327 1027 tegmina
1364 982 1573 1014 crurum.

217 1045 351 1093 hunc
387 1043 538 1107 virgo,
578 1044 680 1093 sive
716 1054 770 1093 ut
806 1046 1002 1110 templis
1040 1048 1328 1110 praefigeret
1363 1064 1499 1096 arma

217 1125 379 1186 Troia,
421 1125 617 1189 captivo
654 1125 756 1175 sive
793 1136 847 1175 ut
884 1144 936 1176 se
973 1130 1118 1176 ferret
1154 1127 1205 1176 in
1242 1145 1363 1177 auro

215 1207 447 1268 venatrix,
488 1225 644 1256 unum
682 1226 741 1257 ex
777 1209 915 1258 omni
952 1210 1222 1260 certamine
1258 1222 1454 1275 pugnae
1816 1222 1897 1276 780

215 1307 364 1339 caeca
400 1291 699 1354 sequebatur
735 1300 998 1356 totumque
1035 1293 1234 1342 incauta
1270 1310 1357 1357 per
1391 1311 1570 1357 agmen

214 1371 431 1421 femineo
468 1375 680 1435 praedae
718 1382 766 1422 et
803 1373 1075 1437 spoliorum
1112 1375 1318 1423 ardebat
1354 1392 1535 1435 amore,

214 1456 368 1502 telum
389 1445 464 1503 ‘ex
500 1453 690 1503 insidiis
728 1472 843 1503 cum
881 1457 1085 1504 tandem
1122 1465 1346 1518 tempore
1383 1466 1529 1520 capto

213 1534 430 1583 concitat
467 1544 515 1584 et
552 1552 756 1598 superos
794 1538 983 1585 Arruns
1020 1536 1090 1585 sic
1127 1553 1250 1585 voce
1282 1546 1536 1600 precatur:

216 1619 441 1664 ‘summe
478 1618 642 1676 deum,
684 1616 842 1666 sancti
879 1626 1045 1667 custos
1083 1618 1296 1667 Soractis
1333 1620 1531 1682 Apollo,
1720 1620 1722 1622 ’
1811 1629 1889 1682 785

212 1713 363 1760 quem
399 1697 544 1760 primi
581 1698 806 1758 colimus,
847 1699 927 1747 cui
963 1699 1140 1762 pineus
1176 1701 1322 1748 ardor
1357 1717 1533 1749 acervo

211 1779 441 1842 pascitur,
481 1789 530 1828 et
569 1779 793 1829 medium
829 1780 939 1830 freti
974 1781 1158 1844 pietate
1194 1799 1281 1845 per
1316 1781 1480 1845 ignem

212 1862 425 1909 cultores
462 1862 619 1908 multa
655 1860 926 1923 premimus
964 1861 1168 1924 vestigia
1205 1879 1375 1924 pruna,

211 1943 288 2001 da,
327 1950 479 2005 pater,
519 1943 617 1990 hoc
653 1941 832 1990 nostris
868 1942 1057 1992 aboleri
1094 1944 1316 1992 dedecus
1352 1944 1512 2004 armis,

211 2023 541 2086 omnipotens.
618 2040 720 2072 non
757 2023 955 2073 exuvias
991 2026 1224 2088 pulsaeve
1261 2034 1517 2089 tropaeum
1809 2044 1888 2090 790

209 2104 407 2167 virginis
450 2113 535 2153 aut
572 2104 730 2167 spolia
766 2106 866 2154 ulla
902 2115 1034 2168 peto,
1075 2105 1197 2154 mihi
1233 2116 1394 2155 cetera
1432 2109 1631 2156 laudem

209 2187 338 2234 facta
372 2187 564 2247 ferent3
603 2187 737 2235 'haec
774 2186 880 2235 dira
916 2203 1030 2235 meo
1067 2188 1188 2235 dum
1225 2189 1427 2236 vulnere
1464 2187 1614 2251 pestis

208 2266 351 2327 pulsa
386 2266 545 2324 cadat,
585 2264 766 2328 patrias
802 2266 1037 2314 remeabo
1074 2265 1309 2329 inglorius
1347 2267 1524 2316 urbes.'

276 2345 451 2394 Audiit
487 2354 536 2394 et
572 2346 675 2395 voti
712 2346 947 2395 Phoebus
984 2349 1251 2396 succedere
1288 2357 1476 2411 partem

209 2435 375 2475 mente
413 2427 563 2486 dedit,
603 2436 794 2490 partem
831 2428 1042 2477 volucris
1080 2429 1309 2493 dispersit
1352 2429 1403 2478 in
1439 2447 1610 2479 auras:
1803 2449 1879 2494 795

208 2516 445 2559 sterneret
481 2517 535 2556 ut
570 2508 734 2557 subita
770 2510 1017 2558 turbatam
1055 2519 1213 2559 morte
1251 2510 1513 2561 Camillam

206 2589 381 2637 adnuit
417 2589 575 2638 oranti
591 2608 605 2650 3
656 2591 891 2639 reducem
927 2600 981 2639 ut
1016 2591 1172 2654 patria
1207 2594 1306 2640 alta
1340 2592 1527 2641 videret

207 2686 309 2718 non
346 2670 497 2730 dedit,
538 2670 689 2734 inque
727 2674 888 2721 Notos
925 2689 1101 2721 vocem
1138 2682 1324 2722 vertere
1363 2674 1621 2736 procellae.

207 2767 322 2814 ergo
359 2760 412 2800 ut
450 2751 598 2801 missa
636 2770 786 2801 manu
823 2753 1041 2802 sonitum
1079 2754 1218 2802 dedit
1254 2755 1395 2802 hasta
1429 2771 1517 2816 per
1552 2770 1707 2813 auras,

263 2882 451 2931 769-782
474 2881 527 2920 M
539 2894 549 2930 ;
597 2883 785 2931 783-792
808 2881 921 2930 MP;
966 2894 1157 2932 793-799
1178 2881 1308 2921 MPR
1414 2937 1422 2944 ,
1567 2895 1644 2933 774
1674 2894 1820 2943 muer?
1849 2896 1878 2933 γ

206 2935 413 2974 deteriores
538 2935 649 2987 erat]
675 2942 801 2975 sonat
840 2936 964 2987 7a²cu
1152 2937 1231 2986 780
1259 2942 1472 2976 venatnx·
1493 2949 1586 2975 cum
1623 2936 1879 2986 sequentzbus

205 2990 390 3039 iungunt
417 2989 491 3028 alii
666 2992 745 3039 786
775 2990 923 3040 primis
952 2991 1015 3028 P:
1057 2991 1239 3040 primum
1267 2991 1500 3030 deteriores:
1541 2990 1716 3040 Hirpini
1745 2990 1878 3029 Peerl-

206 3043 331 3094 kamp
349 3057 360 3094 ;
381 3044 427 3093 cf.
452 3043 570 3083 Serv.
685 3057 765 3094 794
795 3045 907 3083 votis
927 3043 1135 3084 detem‘ores
1155 3044 1392 3084 Macrobius
1504 3057 1583 3095 799
1613 3043 1679 3096 ut]
1700 3044 1771 3083 ubi
1792 3042 1858 3081 M¹
