2014 3372
255 204 308 251 P.
350 204 647 252 VERGILI
687 184 1012 254 MARONIS

255 342 331 391 bis
368 342 466 392 iam
505 345 657 392 Italos
694 343 868 405 hostis,
903 346 1028 393 haec
1064 346 1217 394 altera
1253 347 1455 395 foedera
1491 345 1665 411 rumpi.

256 424 468 473 exoritur
504 424 724 489 trepidos
760 424 887 473 inter
923 425 1172 475 discordia
1208 426 1361 476 civis:

254 506 429 555 urbem
465 506 547 554 alii
584 523 797 556 reserare
832 506 1007 556 iubent
1044 516 1094 556 et
1128 509 1348 571 pandere
1383 519 1550 572 portas

257 586 557 636 Dardanidis
594 587 859 651 ipsumque
895 589 1096 637 trahunt
1131 587 1183 636 in
1221 589 1420 638 moenia
1454 607 1620 654 regem
1638 604 1653 654 3
1849 599 1929 653 585

254 685 390 717 arma
426 670 588 717 ferunt
624 668 706 716 alii
743 678 791 717 et
827 679 1037 733 pergunt
1073 671 1343 719 defendere
1378 688 1560 721 muros.

254 748 468 797 inclusas
505 757 559 797 ut
597 766 711 798 cum
747 750 996 798 latebroso
1033 749 1084 797 in
1121 750 1321 813 pumice
1356 760 1551 814 pastor·

254 829 509 893 vestigavit
545 846 664 893 apes
701 832 941 893 fumoque
977 830 1199 894 implevit
1234 848 1436 881 amaro:

254 911 366 961 illae
402 911 535 960 intus
573 911 794 975 trepidae
831 929 992 960 rerum
1030 929 1117 975 per
1153 929 1294 961 cerea
1331 922 1489 962 castra

255 993 535 1043 discurrunt
572 993 864 1057 magnisque
899 1002 1085 1042 acuunt
1122 993 1412 1043 stridoribus
1449 994 1543 1043 iras
1561 1013 1575 1056 ,-
1850 1017 1932 1059 590

254 1074 464 1123 volvitur
499 1083 603 1123 ater
638 1076 763 1123 odor
799 1074 953 1135 tectis,
995 1083 1101 1123 tum
1138 1092 1389 1125 murmure
1425 1093 1576 1126 caeco

255 1156 386 1206 intus
425 1173 540 1205 saxa
577 1165 770 1216 sonant,
809 1173 989 1205 vacuas
1027 1156 1064 1205 it
1100 1159 1265 1205 fumus
1300 1159 1366 1206 ad
1401 1174 1556 1207 auras.

322 1238 523 1288 Accidit
561 1240 684 1287 haec
721 1238 860 1287 fessis
898 1238 1047 1288 etiam
1084 1241 1280 1287 fortuna
1317 1238 1520 1300 Latinis,

255 1338 382 1385 quae
419 1330 575 1370 totam
612 1322 749 1369 luctu
786 1320 1037 1370 concussit
1073 1321 1295 1370 funditus
1331 1322 1518 1370 urbem.

254 1402 421 1466 regina
456 1411 509 1450 ut
546 1402 687 1451 tectis
724 1402 1007 1451 venientem
1043 1402 1280 1466 prospicit
1316 1404 1525 1463 hostem,
1850 1423 1928 1467 595

254 1486 434 1536 incessi
470 1503 650 1546 muros,
691 1486 816 1550 ignis
853 1488 918 1536 ad
955 1495 1085 1536 tecta
1121 1489 1300 1546 volare,

254 1585 503 1632 nusquam
539 1568 669 1617 acies
707 1577 879 1617 contra
917 1570 1142 1628 Rutulas,
1183 1570 1319 1617 nulla
1355 1568 1553 1632 agmina
1589 1569 1758 1630 Turni,

222 1667 225 1671 ·
254 1649 423 1699 infelix
459 1667 654 1713 pugnae
692 1649 922 1699 iuvenem
960 1649 1011 1697 in
1050 1648 1319 1697 certamine
1355 1650 1511 1698 credit

256 1731 553 1782 exstinctum
591 1739 639 1780 et
676 1731 841 1780 subito
879 1739 1098 1779 mentem
1138 1731 1332 1779 turbata
1369 1732 1542 1779 dolore

254 1830 306 1863 se
343 1830 543 1862 causam
580 1814 762 1861 clamat
798 1811 1085 1875 crimenque
1122 1820 1370 1874 caputque
1407 1813 1663 1872 malorum,
1850 1819 1931 1860 600

255 1897 510 1958 multaque
546 1911 633 1957 per
669 1903 914 1942 maestum
952 1895 1159 1942 demens
1197 1894 1341 1941 effata
1376 1894 1591 1942 furorem

254 1992 527 2040 purpureos
566 1974 801 2023 moritura
837 1991 988 2022 manu
1026 1973 1260 2022 discindit
1295 1974 1506 2023 amictus

255 2067 303 2107 et
339 2059 530 2107 nodum
566 2055 790 2105 informis
827 2055 911 2105 leti
948 2055 1085 2104 trabe
1122 2054 1274 2104 nectit
1310 2056 1374 2104 ab
1410 2057 1519 2104 alta.

255 2156 404 2203 quam
442 2139 636 2188 cladem
675 2137 882 2187 miserae
919 2146 1183 2201 postquam
1222 2153 1459 2200 accepere
1502 2135 1722 2196 Latinae,

254 2220 354 2270 filia
389 2220 547 2284 prima
582 2236 735 2268 manu
771 2221 920 2268 floros
958 2218 1163 2267 Lavinia
1200 2218 1346 2268 crinis
1847 2225 1927 2277 605

255 2311 303 2351 et
339 2318 503 2351 roseas
540 2301 722 2350 laniata
757 2317 922 2364 genas,
963 2310 1068 2350 turn
1109 2311 1271 2352 cetera
1308 2302 1493 2353 circum

255 2384 398 2432 turba
433 2382 561 2443 furit,
600 2392 833 2432 resonant
868 2385 965 2432 late
1002 2385 1319 2447 plangoribus
1357 2387 1518 2434 aedeS.

256 2465 372 2513 hinc
409 2474 564 2514 totam
601 2463 770 2513 infelix
805 2467 1029 2528 vulgatur
1065 2469 1196 2516 fama
1232 2484 1318 2530 per
1353 2467 1540 2516 urbem.

256 2545 523 2595 demittunt
560 2555 764 2607 mentes,
806 2547 843 2595 it
881 2547 1032 2597 scissa
1067 2557 1204 2597 veste
1247 2547 1454 2596 Latinus

257 2629 479 2692 coniugis
515 2629 752 2679 attonitus
790 2631 900 2680 fatis
939 2631 1174 2696 urbisque
1210 2631 1363 2691 ruina,
1527 2624 1530 2628 ‘
1848 2638 1931 2679 610

256 2710 488 2760 canitiem
524 2711 786 2761 immundo
824 2715 1073 2776 perfusam
1112 2715 1313 2776 pulvere
1350 2721 1563 2776 turpans.

311 2843 498 2892 582-611
523 2843 654 2883 MPR
887 2846 966 2894 582
996 2845 1102 2883 haec
1124 2844 1204 2882 iam
1226 2844 1361 2883 altera
1382 2843 1449 2881 M²
1635 2843 1714 2893 587
1745 2847 1790 2882 ut
1810 2842 1926 2894 cum]

254 2897 384 2936 veluti
415 2896 469 2934 M
573 2901 655 2949 596
684 2899 848 2938 incensi
879 2897 992 2938 Ra12
1042 2899 1212 2937 incendi
1243 2897 1418 2946 7a²c¹⁷r12
1470 2898 1606 2937 incedi
1646 2896 1715 2935 Ml
1845 2897 1927 2944 605

256 2953 383 2990 ssoros
420 2951 593 2998 Probus,
632 2953 850 3005 antiquam
889 2954 1092 2993 lectionem
1132 2965 1211 2992 esse
1249 2956 1419 2993 testatur
1455 2951 1596 2993 Seru:
1647 2953 1777 2991 ssavos
1817 2949 1927 2991 codd.

254 3008 334 3054 607
366 3006 478 3047 latae
499 3007 636 3047 M1Rc
