2020 3372
233 138 283 185 P.
326 139 625 187 VERGILI
666 140 991 189 MARONIS

230 288 335 327 tum
373 278 534 327 variae
570 295 749 327 venere
785 288 926 328 artes.
966 280 1107 329 labor
1142 279 1311 329 omnia
1347 280 1464 330 vicit

227 359 485 423 improbus
523 369 571 409 et
608 360 742 409 duris
780 377 957 423 urgens
993 360 1045 408 in
1081 361 1227 410 rebus
1265 372 1468 426 egestas.

228 440 385 503 prima
422 443 573 491 Ceres
611 443 738 490 ferro
775 441 993 490 mortalis
1029 452 1216 493 vertere
1253 453 1432 492 terram

226 520 451 581 instituit,
491 539 606 571 cum
643 522 743 571 iarn
779 525 983 586 glandes
1019 532 1169 587 atque
1205 525 1379 573 arbuta
1415 542 1581 574 sacrae

226 603 496 653 deficerent
533 603 684 652 silvae
721 613 769 652 et
805 603 991 652 victum
1031 606 1249 654 Dodona
1286 616 1497 669 negaret.

226 700 343 732 mox
378 693 426 732 et
463 683 723 733 frumentis
762 684 902 733 labor
937 684 1151 745 additus,
1192 695 1245 734 ut
1283 689 1412 735 mala
1449 689 1640 736 culmos

226 774 355 814 esset
390 766 563 829 robigo
602 766 866 829 segnisque
904 768 1123 815 horreret
1159 767 1211 815 in
1247 767 1373 816 arvis

226 848 437 896 carduus
455 866 469 908 3
510 847 758 896 intereunt
797 857 1000 911 segetes,
1041 847 1174 897 subit
1209 865 1383 912 aspera
1419 849 1550 909 silva,

225 929 502 992 lappaeque
540 929 817 993 tribolique‚
861 929 1087 993 interque
1126 929 1332 979 nitentia
1369 933 1501 979 culta

224 1009 392 1059 infelix
427 1010 600 1059 lolium
638 1020 687 1060 et
725 1010 912 1060 steriles
951 1011 1273 1060 dominantur
1308 1029 1507 1061 avenae.

224 1094 362 1156 quod
400 1092 494 1141 nisi
532 1103 580 1141 et
617 1092 839 1142 adsiduis
880 1093 1086 1141 herbam
1124 1093 1430 1143 insectabere
1467 1094 1630 1144 rastris

224 1183 272 1223 et
309 1173 474 1222 sonitu
511 1174 714 1223 terrebis
752 1174 854 1222 avis
893 1183 941 1223 et
979 1174 1101 1223 ruris
1140 1174 1284 1237 opaci

223 1257 348 1304 falce
384 1272 578 1319 premes
615 1256 815 1304 umbras
853 1254 1081 1318 votisque
1118 1255 1368 1304 vocaveris
1406 1255 1631 1316 imbrem,

223 1338 321 1385 heu
359 1354 595 1400 magnum
630 1337 829 1386 alterius
866 1339 1041 1386 frustra
1079 1337 1326 1400 spectabis
1362 1354 1607 1398 acervum,

223 1435 565 1482 concussaque
601 1420 785 1467 famem
822 1418 873 1466 in
911 1417 1042 1467 silvis
1080 1412 1304 1467 solabere
1340 1435 1537 1481 quercu.

292 1500 578 1550 Dicendum
616 1509 664 1548 et
701 1517 829 1563 quae
865 1499 962 1548 sint
1000 1499 1134 1548 duris
1172 1499 1445 1562 agrestibus
1481 1516 1629 1560 arma,

222 1582 332 1645 quis
369 1581 475 1630 sine
511 1599 605 1630 nec
641 1590 847 1650 potuere
885 1580 978 1629 seri
1016 1597 1109 1629 nec
1149 1597 1345 1643 surgere
1383 1597 1596 1629 messes:

221 1663 380 1713 vomis
417 1673 466 1713 et
501 1663 667 1712 inflexi
703 1662 918 1727 primum
956 1679 1101 1725 grave
1139 1663 1289 1711 robur
1324 1662 1481 1721 aratri,

221 1747 461 1808 tardaque
499 1744 764 1793 Eleusinae
802 1743 967 1792 matris
1006 1743 1254 1792 volventia
1290 1745 1519 1807 plaustra,

220 1827 500 1891 tribulaque
536 1830 835 1890 traheaeque
872 1836 920 1874 et
957 1825 1130 1890 iniquo
1168 1828 1390 1890 pondere
1427 1825 1565 1874 rastri
1582 1844 1596 1886 3

219 1908 383 1973 virgea
417 1919 670 1973 praeterea
706 1908 845 1959 Celei
881 1908 1089 1972 vilisque
1128 1910 1360 1972 supellex,

219 1991 453 2040 arbuteae
490 2001 646 2040 crates
684 2002 732 2040 et
769 1992 975 2054 mystica
1012 2009 1203 2041 vannus
1244 1991 1425 2040 Iacchi.

220 2073 390 2123 omnia
425 2090 553 2137 quae
589 2076 747 2123 multo
783 2085 898 2123 ante
937 2092 1127 2124 memor
1163 2074 1359 2137 provisa
1395 2089 1619 2136 repones,

220 2154 261 2203 si
297 2164 345 2203 te
382 2155 531 2218 digna
567 2166 735 2205 manet
771 2156 925 2205 divini
960 2157 1114 2221 gloria
1149 2157 1284 2205 ruris.

220 2236 459 2285 continuo
495 2237 547 2285 in
584 2237 715 2286 silvis
752 2255 930 2301 magna
966 2238 1014 2287 vi
1050 2241 1175 2287 flexa
1212 2240 1443 2287 domatur

219 2317 270 2364 in
306 2317 469 2366 burim
506 2327 554 2366 et
590 2318 725 2367 curvi
761 2321 971 2368 formam
1008 2319 1188 2383 accipit
1225 2321 1387 2368 ulmus
1423 2316 1580 2367 aratri.

219 2398 335 2447 huic
370 2416 400 2447 a
435 2398 584 2462 stirpe
620 2402 774 2463 pedes
811 2411 946 2450 temo
983 2411 1240 2465 protentus
1276 2401 1327 2448 in
1364 2409 1494 2460 octo,

219 2479 367 2528 binae
402 2497 557 2541 aures,
597 2482 784 2546 duplici
821 2493 1052 2547 aptantur
1089 2482 1306 2532 dentalia
1342 2484 1503 2531 dorso.

220 2560 441 2609 caeditur
477 2571 525 2610 et
561 2562 663 2611 tilia
699 2573 815 2612 ante
853 2564 968 2628 iugo
1005 2563 1125 2612 levis
1162 2566 1359 2626 altaque
1395 2565 1534 2625 fagus

220 2641 454 2706 stivaque,
496 2660 622 2706 quae
659 2662 827 2694 currus
864 2663 893 2694 a
929 2656 1066 2708 tergo
1103 2654 1330 2709 torqueat
1365 2644 1507 2702 imos,

1831 294 1918 346 145'

1829 709 1910 750 150

1828 1116 1904 1158 155

1825 1509 1905 1551 160

1813 1914 1899 1969 165

1820 2332 1899 2376 170

279 2783 466 2822 145-174
487 2773 666 2812 AMPR
846 2777 923 2824 146
942 2788 1125 2824 surgens
1143 2774 1302 2812 AM¹P
1414 2785 1489 2823 155
1516 2771 1712 2822 herbam]
1735 2777 1893 2810 terram

219 2825 309 2865 AR
479 2839 554 2878 157
586 2829 757 2868 umbras
777 2828 909 2868 APbc
924 2829 1216 2880 Philargyrius
1235 2828 1354 2867 schol.
1378 2828 1500 2866 Bern.
1521 2841 1529 2865 :
1561 2826 1749 2865 umbram
1770 2824 1895 2876 MR7

219 2879 383 2920 Nonius
395 2882 508 2922 Serv.
640 2886 716 2932 164
737 2884 889 2923 trahae
905 2883 946 2921 A
953 2883 1053 2934 Μγι·
1062 2884 1259 2922 Donatus
1270 2883 1388 2921 schol.
1407 2882 1530 2921 Bern.

1659 2881 1738 2918 166
1755 2880 1893 2918 vallus

218 2934 261 2972 R
286 2938 469 2986 agnoscit
492 2938 623 2977 Varro
876 2952 1007 2989 173-4
1037 2939 1286 2989 transposuit
1309 2936 1520 2987 Schrader,
1545 2934 1693 2987 probat
1721 2933 1894 2973 Ribbeck

224 3002 300 3038 174
329 2992 464 3031 stivae
486 2992 660 3043 Margyn
680 2993 867 3045 Schaper
