2014 3372
1336 172 1698 221 AENEIDOS
1734 171 1840 220 VII

169 326 219 367 et
253 315 438 380 petiere
466 311 568 365 'sibi
604 324 653 364 et
687 315 887 364 voluere
923 313 1194 378 adiungere
1230 322 1436 377 gente83

168 399 257 447 sed
293 414 385 446 nos
421 399 520 445 fata
554 397 706 445 deum
740 404 924 444 vestras
962 394 1214 458 exquirere
1250 403 1400 442 terras

167 478 384 542 imperiis
421 494 562 541 egere
598 476 711 525 suis.
786 476 902 524 hinc
941 477 1206 524 Dardanus
1243 485 1393 535 ortus,
1763 494 1841 534 ²40

167 564 266 610 huc
302 561 477 624 repetit
512 560 755 623 iussisque
789 558 1072 623 ingentibus
1109 568 1248 621 urget
1283 559 1468 621 Apollo

167 644 478 705 Tyrrhenum
513 634 579 690 ad
613 639 854 704 Thybrim
891 649 940 689 et
975 639 1124 688 fontis
1160 641 1288 688 vada
1323 655 1460 688 sacra
1496 637 1710 688 Numici.

167 726 252 773 dat
289 724 377 774 tibi
413 736 662 789 praeterea
696 728 923 775 fortunae
958 742 1108 787 parva
1142 723 1314 787 prioris

167 823 384 866 munera,
423 807 650 870 reliquias
687 806 837 855 Troia
873 823 932 854 ex
967 807 1171 854 ardente
1207 813 1442 868 receptas.

166 889 263 935 hoc
299 897 437 950 pater
472 888 715 936 Anchises
752 904 871 936 auro
908 887 1096 935 libabat
1131 887 1197 934 ad
1233 903 1355 945 aras,
1763 905 1838 944 245

166 970 263 1017 hoc
300 969 480 1017 Priami
515 979 768 1032 gestamen
806 978 908 1018 erat
944 985 1060 1016 cum
1097 967 1202 1015 iura
1237 966 1424 1015 vocatis

166 1067 302 1098 more
338 1052 476 1099 daret
511 1051 722 1113 populis,
763 1060 1111 1113 sceptrumque
1149 1064 1385 1110 sacerque
1420 1046 1565 1096 tiaras

167 1131 481 1195 Iliadumque
517 1133 657 1181 labor
692 1134 883 1181 vestes.'

233 1213 438 1261 Talibus
477 1213 654 1262 Ilionei
691 1213 836 1262 dictis
873 1214 1034 1261 defixa
1071 1211 1277 1260 Latinus

165 1295 342 1342 obtutu
379 1303 514 1342 tenet
550 1311 634 1343 ora
671 1296 878 1358 soloque
914 1292 1182 1342 immobilis
1218 1294 1398 1351 haeret,
1758 1311 1837 1350 250

167 1375 380 1423 intentos
415 1377 619 1424 volvens
657 1378 841 1424 oculos.
917 1391 1010 1424 nec
1046 1390 1262 1437 purpura
1297 1388 1462 1435 regem

163 1456 295 1519 picta
330 1465 496 1505 movet
532 1473 624 1505 nec
661 1465 854 1519 sceptra
889 1464 1091 1504 movent
1128 1453 1369 1502 Priameia
1404 1460 1597 1500 tantum

163 1547 404 1601 quantum
440 1538 491 1586 in
527 1538 745 1587 conubio
781 1547 926 1586 natae
962 1538 1280 1598 thalamoque
1316 1543 1546 1594 moratur,

163 1628 210 1668 et
246 1618 421 1668 veteris
460 1619 618 1668 Fauni
655 1619 806 1668 volvit
844 1619 936 1667 sub
973 1626 1174 1682 pectore
1210 1625 1426 1664 sortem:

163 1702 295 1750 hunc
330 1701 468 1750 illum
505 1702 615 1750 fatis
652 1710 850 1750 externa
885 1701 950 1749 ab
985 1701 1103 1748 sede
1139 1700 1415 1762 profectum
1755 1717 1831 1757 255

161 1783 391 1845 portendi
426 1800 661 1847 generum
699 1782 999 1846 paribusque
1035 1781 1086 1829 in
1123 1796 1272 1844 regna
1306 1777 1470 1827 vocari

160 1864 404 1928 auspiciis,
444 1865 560 1914 huic
596 1863 883 1929 progeniem
919 1862 1095 1911 virtute
1131 1863 1344 1909 futuram

161 1947 402 2010 egregiam
440 1957 488 1997 et
524 1957 685 1996 totum
722 1963 850 2009 quae
885 1944 1068 1993 viribus
1105 1951 1317 2005 occupet
1353 1942 1539 1990 orbem.

161 2030 363 2077 tandem
400 2031 556 2078 laetus
593 2029 689 2077 ait:
731 2028 811 2077 ‘di
847 2035 1015 2075 nostra
1049 2025 1248 2088 incepta
1283 2024 1559 2072 secundent

160 2110 517 2173 auguriumque
555 2113 729 2158 suurn!
777 2107 987 2166 dabitur,
1026 2105 1255 2163 Troiane,
1295 2105 1432 2166 quod
1469 2111 1623 2165 optas.
1752 2112 1830 2151 260

162 2209 365 2242 munera
401 2210 494 2242 nec
531 2210 739 2257 sperno:
791 2208 893 2240 non
929 2187 1070 2238 vobis
1107 2203 1219 2250 rege
1256 2185 1435 2234 Latino

160 2273 322 2323 divitis
360 2276 481 2324 uber
516 2275 617 2338 agri
653 2274 893 2323 Troiaeve
929 2268 1184 2334 opulentia
1219 2266 1387 2316 deerit.

160 2354 265 2418 ipse
301 2359 455 2406 modo
491 2360 701 2416 Aeneas,
741 2354 894 2404 nostri
931 2352 971 2402 si
1007 2360 1145 2400 tanta
1180 2348 1364 2411 cupido
1401 2356 1486 2407 est,

160 2436 200 2485 si
236 2437 370 2502 iungi
406 2439 621 2502 hospitio
658 2446 885 2502 properat
922 2435 1185 2497 sociusque
1220 2429 1397 2490 vocari,

159 2519 403 2580 adveniat,
442 2521 604 2569 vultus
640 2536 765 2568 neve
802 2519 1112 2567 exhorrescat
1147 2512 1364 2562 amicos:
1748 2518 1824 2568 265

159 2615 270 2661 pars
307 2600 428 2648 mihi
464 2600 597 2664 pacis
634 2600 723 2649 erit
758 2601 980 2649 dextram
1016 2595 1232 2659 tetigisse
1268 2590 1472 2656 tyranni.

159 2696 247 2729 vos
283 2691 454 2730 contra
489 2682 589 2745 regi
625 2698 736 2730 mea
771 2697 905 2729 nunc
942 2679 1176 2726 mandata
1210 2677 1397 2724 referte.

161 2769 234 2809 est
272 2761 392 2810 mihi
429 2771 557 2822 nata,
595 2762 698 2811 viro
734 2760 892 2825 gentis
930 2776 1080 2823 quam
1117 2757 1319 2819 iungere
1355 2763 1552 2803 nostrae

160 2860 262 2893 non
298 2844 456 2908 patrio
493 2862 551 2893 ex
585 2846 735 2906 adyto
772 2852 941 2901 sortes,
979 2857 1081 2889 non
1118 2838 1328 2902 plurima
1364 2837 1502 2885 caelo

216 2976 404 3025 238-247
443 2974 637 3024 FMPR3
686 2975 878 3024 248-269
916 2967 1132 3011 FMPRV
1442 2976 1521 3014 254
1560 2963 1735 3002 volvens
1771 2960 1823 3000 F¹

161 3029 242 3067 262
271 3029 508 3079 Troiaeque
528 3029 685 3079 P²7brr¹
853 3028 933 3076 264
965 3025 1161 3066 sociusve
1182 3021 1417 3062 FRVa2bcn
