2014 3372
204 175 256 223 P.
297 175 597 223 VERGILI
638 174 965 223 MARONIS

203 330 261 362 ac
297 315 438 362 lucus
475 315 572 362 late
610 330 748 361 sacer
782 312 984 362 additur
1019 312 1286 363 Anchiseo.

275 396 484 457 Iamque
522 393 628 443 dies
666 395 863 456 epulata
899 411 1080 443 novem
1116 411 1237 458 gens
1274 393 1449 454 omniS‚
1491 403 1539 444 et
1573 394 1668 444 aris

205 479 362 526 factus
399 478 594 525 honos:
643 476 828 539 placidi
865 486 1138 526 straverunt
1174 494 1390 541 aequora
1425 476 1561 526 venti

206 559 375 608 creber
412 567 461 607 et
495 557 717 622 aspirans
754 574 918 607 rursus
954 568 1099 607 vocat
1134 561 1316 607 Auster
1351 558 1403 606 in
1438 560 1606 608 altum.

207 639 420 689 exoritur
455 656 697 703 procurva
733 639 906 703 ingens
944 657 1032 703 per
1068 639 1210 689 litora
1246 642 1390 688 fletus
1408 658 1421 700 3
1808 646 1884 702 765

207 720 454 784 complexi
490 721 617 770 inter
654 738 706 770 se
742 731 1048 784 noctemque
1085 721 1319 785 diemque
1356 729 1621 770 morantur.

207 803 344 866 ipsae
380 802 479 851 iam
518 811 710 862 matres,
751 802 859 867 ipsi,
901 802 1082 866 quibus
1119 820 1292 866 aspera
1328 804 1583 866 quondam

207 884 310 934 visa
347 884 493 933 maris
531 884 680 933 facies
719 893 768 933 et
804 901 907 933 non
946 884 1203 933 tolerabile
1242 900 1443 943 numen,

208 966 277 1016 ire
312 968 486 1015 volunt
523 983 828 1029 omnemque
865 968 1008 1029 fugae
1045 968 1257 1028 perferre
1293 965 1526 1014 laborem.

209 1065 334 1110 quos
372 1048 534 1096 bonus
572 1050 770 1096 Aeneas
808 1046 953 1096 dictis
991 1049 1174 1096 solatur
1209 1046 1380 1095 amicis
1812 1063 1889 1108 770

209 1138 257 1178 et
284 1128 657 1192 consanguineo
697 1129 958 1178 lacrimans
997 1130 1317 1178 commendat
1353 1131 1577 1178 Acestae.

209 1210 293 1259 tris
332 1211 478 1273 Eryci
514 1210 694 1260 vitulos
732 1220 782 1259 et
819 1210 1224 1273 Tempestatibus
1261 1227 1441 1273 agnam

210 1294 417 1342 caedere
454 1293 638 1342 deinde
674 1292 812 1341 iubet
850 1292 1073 1356 solvique
1110 1309 1169 1341 ex
1205 1291 1379 1341 ordine
1414 1293 1598 1341 funem.

209 1374 315 1438 ipse
351 1383 499 1438 caput
537 1384 725 1432 tonsae,
747 1374 876 1423 foliis
915 1374 1137 1424 evinctus
1175 1373 1333 1423 olivae

210 1466 344 1506 stans
381 1459 554 1520 procul
591 1456 642 1504 in
679 1473 824 1519 prora
859 1466 1079 1519 pateram
1118 1465 1266 1515 tenet,
1308 1464 1517 1519 extaque
1554 1456 1708 1505 salsos
1811 1472 1886 1517 775

209 1537 386 1601 proicit
423 1538 473 1586 in
510 1540 688 1586 fluctus
726 1555 784 1587 ac
821 1537 935 1586 vina
971 1537 1210 1601 liquentia
1245 1537 1421 1586 fundit.

209 1619 523 1683 prosequitur
560 1635 762 1683 surgens
798 1636 827 1668 a
862 1618 1019 1682 puppi
1055 1627 1230 1668 ventus
1268 1617 1429 1667 euntis
1446 1637 1459 1679 3

212 1700 435 1750 certatim
472 1700 594 1750 socii
630 1701 811 1749 feriunt
849 1718 982 1749 mare
1019 1709 1068 1749 et
1104 1717 1320 1764 aequora
1355 1708 1565 1749 verrunt.

278 1785 346 1831 At
381 1785 554 1831 Venus
592 1782 779 1831 interea
816 1784 1110 1846 Neptunum
1148 1781 1359 1831 exercita
1394 1781 1521 1829 curis

210 1863 494 1927 adloquitur
530 1863 740 1927 talisque
779 1863 988 1912 effundit
1025 1872 1225 1926 pectore
1262 1871 1498 1926 questus:
1812 1870 1890 1923 780

216 1944 452 1993 ‘Iunonis
490 1944 647 2008 gravis
684 1944 754 1993 ira
790 1961 954 2007 neque
992 1943 1315 1992 exsaturabile
1352 1953 1526 2006 pectus

212 2037 395 2091 cogunt
432 2045 524 2087 me,
567 2029 820 2090 Neptune,
857 2043 1028 2089 preces
1066 2027 1369 2075 descendere
1406 2025 1457 2073 in
1493 2024 1655 2074 omnis
1673 2043 1687 2087 3

213 2126 362 2173 quam
399 2127 492 2158 nec
530 2111 678 2173 longa
715 2109 820 2158 dies
858 2108 1015 2172 pietas
1053 2125 1146 2158 nec
1182 2107 1371 2171 mitigat
1408 2109 1519 2167 ulla,

212 2208 306 2240 nec
344 2191 476 2240 Iovis
514 2190 722 2255 imperio
759 2190 971 2253 fatisque
1008 2190 1215 2239 infracta
1251 2189 1471 2253 quiescit.

213 2290 315 2322 non
352 2272 517 2322 media
554 2274 616 2322 de
652 2281 799 2336 gente
838 2274 1087 2336 Phrygum
1124 2270 1347 2320 exedisse
1384 2270 1611 2320 nefandis
1810 2279 1885 2331 785

212 2355 387 2403 urbem
424 2354 551 2404 odiis
589 2354 704 2403 satis
743 2364 816 2403 est
852 2371 946 2403 nec
982 2370 1198 2417 poenam
1235 2362 1368 2401 traxe
1404 2369 1491 2415 per
1527 2368 1730 2401 omnem

212 2436 441 2499 reliquias
478 2436 690 2485 Troiae:
741 2436 928 2484 cineres
966 2445 1116 2498 atque
1155 2451 1267 2483 ossa
1303 2443 1588 2497 peremptae

213 2517 497 2581 insequitur.
575 2534 746 2566 causas
785 2516 908 2565 tanti
946 2516 1067 2565 sciat
1104 2515 1187 2564 illa
1222 2515 1409 2564 furoris.

212 2597 318 2662 ipse
354 2598 475 2646 mihi
511 2615 669 2661 nuper
707 2598 905 2661 Libycis
946 2607 998 2646 tu
1035 2597 1171 2646 testis
1209 2596 1259 2645 in
1295 2596 1443 2649 undis

269 2729 455 2778 761-783
473 2729 604 2768 MPR
621 2744 630 2780 ;
656 2732 846 2782 784—789
860 2731 1026 2771 FMPR
1194 2733 1268 2781 761
1293 2731 1458 2770 additus
1471 2729 1580 2780 P7¹b
1685 2730 1761 2779 767
1784 2727 1886 2778 ipsi]

213 2782 332 2832 ipsae
370 2782 535 2822 Nonius
766 2788 844 2836 768
886 2799 1042 2825 nomen
1084 2785 1150 2823 Ml
1190 2785 1354 2825 Nonius
1390 2785 1594 2825 Ribbeck:
1644 2783 1805 2823 caelum
1843 2783 1887 2821 R

215 2849 292 2886 772
322 2850 456 2886 agnos
476 2838 529 2876 M
640 2842 719 2890 776
751 2842 925 2892 porricit
942 2842 1144 2879 Heinsius
1255 2853 1345 2890 777,
1374 2841 1451 2889 778
1479 2840 1637 2878 inverso
1661 2837 1800 2877 ordine
1818 2836 1887 2887 ΡὙ

212 2891 384 2930 Ribbeck
573 2896 652 2944 782
684 2896 750 2948 in]
788 2897 841 2934 ad
876 2895 990 2935 Serv.
1020 2896 1223 2947 Gathling
1410 2896 1488 2944 784
1518 2893 1669 2932 fatisve
1702 2891 1888 2941 F7bcm⁷r

212 2947 300 3038 {35-
325 2948 539 3054 {fflississsye
562 2950 605 2988 F
769 2951 848 2999 786
880 2956 1051 2989 traxere
1067 2949 1183 2988 F1P1
1202 2964 1210 2988 ε
1243 2950 1424 2988 traxisse
1444 2948 1490 2987 F
1485 2946 1618 2998 ²M¹7¹
1746 2945 1886 2985 omnis
