2014 3372
1350 150 1711 200 AENEIDOS
1749 149 1824 197 IV

155 318 289 350 nunc
324 299 472 350 etiam
507 299 744 363 interpres
780 298 952 348 divum
990 299 1111 348 Iove
1146 295 1325 345 missus
1359 296 1424 344 ab
1460 295 1570 358 ipso

157 381 328 447 (testor
363 391 626 444 utrumque
661 379 831 444 caput)
868 379 1038 428 celeris
1075 380 1311 427 mandata
1345 394 1432 441 per
1462 393 1605 426 auras

155 463 363 513 detulit:
412 463 518 526 ipse
547 464 697 512 deum
735 461 998 510 manifesto
1034 461 1086 509 in
1122 460 1310 509 lumine
1345 458 1448 509 vidi

155 545 418 594 intrantem
449 562 615 594 muros
651 561 927 607 vocemque
962 543 1038 592 his
1074 543 1275 593 auribus
1311 541 1465 591 hausi.

155 627 327 676 desine
363 644 543 690 meque
579 626 675 675 tuis
710 626 976 675 incendere
1012 634 1160 689 teque
1197 624 1406 688 querelis
1422 642 1437 686 3
1749 630 1827 682 360

157 708 351 756 Italiam
388 725 490 756 non
527 716 704 771 sponte
740 708 949 770 sequor!

223 788 365 837 Talia
400 788 648 837 dicentem
685 787 980 836 iamdudum
1015 802 1184 835 aversa
1218 795 1383 835 tuetur

156 871 254 918 huc
290 869 406 917 illuc
442 870 644 917 volvens
682 869 853 917 oculos
892 876 1154 930 totumque
1189 876 1404 931 pererrat

157 949 425 998 luminibus
461 949 620 998 tacitis
657 958 706 998 et
742 948 811 997 sic
845 964 1057 997 accensa
1091 950 1338 1011 profatur:

162 1035 283 1079 ‘nec
319 1030 408 1079 tibi
444 1030 556 1079 diva
591 1046 767 1093 parens
802 1029 993 1093 generis
1029 1046 1122 1078 nec
1160 1030 1424 1077 Dardanus
1459 1036 1642 1087 auctor,
1747 1034 1823 1088 365

157 1113 356 1175 perfide,
397 1113 485 1160 sed
521 1111 655 1160 duris
692 1110 861 1174 genuit
898 1119 946 1160 te
982 1110 1209 1159 cautibus
1245 1111 1449 1158 horrens

158 1194 409 1243 Caucasus
448 1195 810 1255 Hyrcanaeque
844 1193 1110 1240 admorunt
1146 1191 1298 1239 ubera
1333 1189 1491 1252 tigres.

158 1289 274 1321 nam
311 1272 431 1336 quid
467 1271 725 1321 dissimulo
761 1280 846 1319 aut
882 1287 1010 1334 quae
1046 1287 1126 1319 me
1162 1272 1227 1318 ad
1263 1269 1449 1318 maiora
1484 1270 1713 1318 reservo?

158 1372 278 1403 num
314 1356 431 1402 fletu
468 1352 706 1416 ingemuit
742 1354 948 1400 nostro?
995 1369 1115 1400 num
1151 1350 1339 1399 lumina
1374 1350 1543 1399 flexit?

158 1453 278 1484 num
307 1434 530 1483 lacrimas
562 1434 719 1482 victus
749 1433 887 1482 dedit
916 1442 1001 1482 aut
1030 1432 1287 1481 miseratus
1316 1441 1567 1480 amantem
1599 1433 1709 1480 est?
1747 1449 1826 1492 370

159 1532 285 1579 quae
321 1515 500 1578 quibus
536 1517 847 1564 anteferam?
893 1514 991 1563 iam
1027 1514 1126 1563 iam
1163 1530 1256 1562 nec
1293 1512 1506 1561 maxima
1543 1514 1672 1561 Iuno

158 1613 251 1645 nec
287 1595 541 1645 Saturnius
577 1597 700 1644 haec
736 1595 892 1644 oculis
928 1605 1066 1658 pater
1100 1594 1275 1658 aspicit
1310 1593 1493 1657 aequis.

158 1694 403 1740 nusquam
440 1686 545 1725 tuta
580 1678 716 1725 fides,
791 1676 1005 1725 eiectum
1042 1675 1195 1735 litore,
1235 1684 1462 1739 egentem

159 1759 330 1821 excepi
366 1768 414 1807 et
449 1758 585 1821 regni
621 1760 828 1807 demens
864 1758 914 1806 in
951 1767 1088 1821 parte
1124 1757 1294 1806 locavi.

157 1840 389 1889 amissam
425 1842 647 1900 classem,
687 1839 848 1889 socios
884 1857 914 1889 a
949 1849 1107 1888 morte
1143 1838 1314 1888 reduxi
1742 1854 1822 1900 375

160 1920 278 1985 (heu
314 1920 448 1969 furiis
484 1920 688 1969 incensa
722 1919 930 1985 feror!):
979 1937 1114 1969 nunc
1149 1937 1303 1984 augur
1338 1921 1535 1983 Apollo,

158 2019 291 2050 nunc
328 2001 507 2065 Lyciae
543 2012 711 2062 sortes,
752 2019 886 2050 nunc
921 2011 970 2051 et
1008 2004 1127 2051 Iove
1164 2002 1341 2051 missus
1377 2003 1441 2050 ab
1476 2001 1586 2065 ipso

158 2081 394 2145 interpres
431 2083 600 2131 divum
637 2085 728 2131 fert
766 2083 965 2131 horrida
999 2082 1131 2131 iussa
1165 2099 1252 2146 per
1286 2099 1440 2131 auras.

99 2227 106 2239 .
158 2163 343 2212 scilicet
379 2163 418 2212 is
455 2163 642 2226 superis
678 2165 818 2213 labor
852 2173 939 2224 est,
979 2181 1037 2212 ea
1072 2181 1189 2213 cura
1224 2164 1417 2227 quietos

158 2244 397 2293 sollicitat.
471 2262 634 2308 neque
670 2254 719 2294 te
755 2254 902 2294 teneo
939 2262 1102 2308 neque
1137 2245 1270 2294 dieta
1306 2246 1507 2294 refello:
1742 2256 1823 2304 380

156 2325 186 2385 i,
225 2342 429 2388 sequere
467 2326 661 2375 Italiam
697 2326 869 2387 ventis,
907 2336 1020 2389 pete
1057 2343 1205 2390 regna
1239 2342 1327 2388 per
1361 2328 1534 2375 undas.

156 2423 299 2469 spero
336 2407 566 2470 equidem
604 2408 794 2468 mediis,
834 2408 875 2456 si
910 2408 1032 2471 quid
1067 2407 1148 2471 pia
1183 2407 1388 2456 numina
1422 2416 1644 2470 possunt,

157 2485 397 2548 supplicia
431 2487 700 2534 hausurum
737 2487 951 2549 scopulis
988 2496 1036 2535 et
1073 2486 1275 2535 nomine
1312 2486 1448 2535 Dido

157 2579 303 2626 saepe
339 2576 640 2615 vocaturum.
714 2584 890 2630 sequar
923 2567 1037 2616 atris
1074 2567 1268 2630 ignibus
1303 2567 1482 2616 absens

157 2654 217 2703 et,
258 2661 372 2693 cum
408 2647 580 2710 frigida
616 2664 747 2697 mors
782 2648 948 2696 anima
984 2648 1230 2697 seduxerit
1264 2657 1410 2707 artuS,
1740 2658 1818 2709 385

157 2726 388 2775 omnibus
425 2729 599 2777 umbra
634 2729 755 2777 locis
790 2731 954 2778 adero.
1029 2729 1185 2789 dabis,
1225 2728 1465 2792 improbe,
1503 2744 1702 2790 poenas.

155 2807 354 2869 audiam
392 2817 439 2857 et
476 2811 599 2857 haec
634 2810 793 2858 manis
829 2810 993 2859 veniet
1029 2810 1151 2858 mihi
1186 2812 1318 2857 fama
1354 2809 1448 2857 sub
1482 2808 1639 2858 imos.'

210 2938 398 2987 356-387
440 2936 532 2975 MP
793 2951 873 2987 374
903 2939 1072 2989 suscepi
1113 2938 1354 2978 Priscianus
1535 2950 1614 2988 375
1644 2937 1820 2978 damnat

157 2989 326 3029 Ribbeck
473 2994 553 3041 378
583 2993 718 3044 iussa]
740 2993 853 3032 dicta
875 2992 928 3030 M
1071 2994 1147 3042 381
1181 2993 1255 3032 alii
1269 2993 1409 3032 ventis
1429 2998 1527 3042 pete
1548 2993 1804 3044 coniungunt
