2020 3372
206 134 256 180 P.
298 133 595 181 VERGILI
635 130 961 180 MARONIS

308 272 384 321 his
422 272 511 322 tibi
548 271 730 335 Grynei
767 270 983 320 nemoris
1022 271 1214 320 dicatur
1248 271 1401 335 origo,

307 370 371 402 ne
408 353 517 416 quis
554 353 615 402 sit
651 355 791 401 lucus
829 369 930 415 quo
967 369 1020 401 se
1055 354 1167 415 plus
1203 352 1351 401 iactet
1383 354 1597 416 Apollo.’

306 433 428 497 quid
453 436 626 496 loquar
649 442 734 481 aut
759 434 973 495 Scyllam
999 433 1123 494 Nisi,
1151 450 1301 497 quam
1327 435 1458 482 fama
1482 441 1652 482 secuta
1674 442 1749 482 est

306 514 521 563 candida
555 514 859 563 succinctam
895 514 1187 563 latrantibus
1223 513 1425 578 inguina
1460 513 1691 563 monstris
1828 531 1875 576 75

309 595 565 645 Dulichias
601 613 802 645 vexasse
838 605 964 645 rates
1002 605 1050 645 et
1085 595 1274 660 gurgite
1309 595 1360 644 in
1396 597 1509 655 alto,

215 719 219 722 .
305 695 348 737 a,
388 676 588 726 timidos
624 686 798 726 nautas
835 677 1042 726 canibus
1078 679 1318 725 lacerasse
1354 675 1567 736 marinis,

306 768 391 807 aut
428 768 481 807 ut
517 767 731 807 mutatos
768 758 914 807 Terei
950 757 1214 806 narraverit
1249 766 1394 817 artus,

308 857 430 903 quas
466 839 535 887 illi
573 839 849 888 Philomela
885 841 1052 903 dapes,
1090 856 1217 902 quae
1254 840 1387 887 dona
1422 837 1615 901 pararit,

308 938 409 984 quo
446 938 590 970 cursu
627 922 821 970 deserta
857 920 1082 984 petiverit
1119 929 1168 969 et
1205 919 1386 983 quibus
1421 928 1537 968 ante
1828 927 1881 968 80

308 1003 475 1053 infelix
511 1021 600 1053 sua
635 1013 766 1052 tecta
802 1020 949 1066 super
986 1002 1261 1051 volitaverit
1296 1001 1424 1050 alis?

308 1084 490 1144 omnia,
526 1102 653 1148 quae
690 1085 898 1133 Phoebo
936 1085 1193 1148 quondam
1230 1082 1502 1131 meditante
1538 1082 1712 1132 beatus

306 1166 463 1215 audiit
501 1169 711 1216 Eurotas
749 1165 990 1230 iussitque
1027 1165 1247 1215 ediscere
1283 1167 1459 1223 lauros,

307 1248 388 1299 ille
424 1249 556 1298 canit
594 1249 785 1315 (pulsae
822 1251 1037 1298 referunt
1073 1250 1138 1297 ad
1175 1248 1335 1297 sidera
1370 1247 1556 1311 valles),

307 1347 483 1394 cogere
519 1332 681 1380 donec
718 1331 822 1379 ovis
859 1329 1064 1379 stabulis
1101 1345 1464 1391 numerumque
1499 1329 1676 1378 referre
1829 1337 1880 1388 85

307 1411 446 1461 iussit
483 1421 531 1461 et
567 1411 720 1461 invito
757 1411 997 1475 processit
1033 1414 1224 1475 Vesper
1261 1411 1491 1473 Olympo.

834 1625 1118 1674 ECLOGA
1153 1625 1258 1673 VII

570 1763 698 1796 MELI
706 1764 864 1798 BOEVS
958 1764 1207 1798 CORYDON
1300 1763 1520 1798 THYRSIS

210 1870 269 1911 M.
380 1866 558 1912 FORTE
596 1864 690 1912 sub
725 1873 895 1927 arguta
932 1865 1224 1913 consederat
1262 1863 1373 1912 ilice
1413 1862 1655 1927 Daphnis,

310 1947 752 2007 compulerantque
777 1961 946 2007 greges
974 1946 1211 2007 Corydon
1238 1954 1286 1993 et
1312 1944 1513 2007 Thyrsis
1539 1943 1591 1992 in
1616 1958 1785 2004 unum,

311 2026 513 2090 Thyrsis
550 2026 669 2086 oviS,
707 2027 943 2088 Corydon
980 2025 1218 2074 distentas
1257 2028 1384 2074 lacte
1422 2026 1648 2089 capellas,

311 2109 462 2157 ambo
498 2110 729 2157 florentes
765 2107 1023 2167 aetatibus,
1053 2109 1274 2156 Arcades
1312 2107 1476 2167 ambo,

313 2200 361 2239 et
397 2199 594 2239 cantare
630 2206 770 2252 pares
808 2197 856 2237 et
892 2190 1193 2251 respondere
1229 2189 1396 2252 parati.
1862 2208 1884 2248 5

313 2274 411 2321 huc
448 2272 582 2332 mihi,
622 2273 744 2320 dum
781 2280 972 2320 teneras
1010 2273 1229 2321 defendo
1265 2290 1294 2321 a
1331 2273 1506 2337 frigore
1543 2281 1740 2336 myrtos,

313 2354 384 2403 vir
407 2354 562 2418 gregis
588 2354 693 2417 ipse
719 2371 864 2418 caper
890 2357 1216 2417 deerraverat3
1253 2367 1403 2421 atque
1428 2374 1520 2421 ego
1547 2355 1802 2420 Daphnim

314 2437 513 2501 aspicio.
554 2436 634 2485 ille
671 2436 758 2486 ubi
794 2455 874 2486 me
911 2449 1082 2489 contra
1118 2440 1265 2500 videt,
1298 2440 1488 2489 ‘ocius'
1525 2438 1686 2501 inquit

319 2521 444 2567 ‘huc
476 2521 609 2579 ades,
643 2537 673 2569 o
709 2522 962 2574 Meliboee
970 2544 984 2587 3
1023 2542 1169 2590 caper
1203 2524 1293 2573 tibi
1326 2526 1487 2573 salvus
1521 2532 1569 2571 et
1602 2519 1750 2569 haedi
1759 2513 1791 2580 3v

317 2610 378 2660 et,
418 2600 458 2649 si
494 2601 615 2664 quid
651 2621 841 2655 cessare
878 2618 1034 2672 potes,
1073 2607 1326 2671 requiesce
1363 2606 1456 2655 sub
1492 2604 1680 2653 umbra.
1840 2619 1890 2648 10

318 2684 416 2731 huc
452 2682 545 2746 ipsi
581 2697 756 2750 potum
794 2690 993 2739 venient
1031 2707 1117 2753 per
1153 2698 1290 2753 prata
1326 2686 1533 2746 iuvenci,

275 2816 410 2863 72-86
429 2816 561 2855 MPR
831 2832 881 2869 74
911 2825 956 2858 ut
976 2818 1018 2856 R
1203 2819 1256 2857 80
1285 2817 1370 2857 alte
1391 2815 1561 2855 Ribbeck
1742 2812 1795 2861 85
1826 2823 1889 2851 re·

219 2868 321 2907 ferri
342 2868 504 2921 M2P²7

274 2922 367 2962 VII.
414 2938 514 2965 1-11
540 2926 631 2965 MP
845 2930 872 2967 6
901 2929 968 2966 hic
989 2928 1065 2967 Ρὸι
