2014 3372
244 167 296 213 P.
338 166 637 214 VERGILI
677 165 1003 214 MARONIS

242 307 383 354 stella
419 307 579 354 facem
616 306 805 354 ducens
843 301 1000 353 multa
1035 322 1150 354 cum
1187 306 1299 355 luce
1336 304 1562 356 cucurrit.

240 385 376 435 illam
413 403 609 435 summa
644 402 790 448 super
825 386 1078 434 labentem
1115 386 1334 435 culmina
1369 386 1487 435 tecti
1834 397 1927 451 ⁶9ss

241 466 489 516 cernimus
529 468 683 515 Idaea
718 468 900 515 claram
938 484 991 515 se
1027 469 1244 516 condere
1282 467 1403 516 silva

240 549 619 613 signantemque
656 548 758 597 vias
776 567 790 609 3
838 557 945 597 tum
981 551 1132 612 longo
1169 548 1324 597 limite
1362 551 1527 598 sulcus

238 632 324 680 dat
361 632 525 679 lucem
563 639 612 679 et
647 632 744 679 late
781 630 967 679 circum
1003 632 1115 678 loca
1150 632 1386 694 sulphure
1422 633 1627 680 fumant.

236 712 318 761 hic
356 728 472 761 vero
508 711 667 760 victus
703 711 895 775 genitor
932 729 984 760 se
1020 711 1148 760 tollit
1183 713 1248 761 ad
1285 729 1427 761 auras

236 796 531 858 adfaturque
569 795 691 843 deos
728 804 778 843 et
813 804 1041 843 sanctum
1079 794 1215 843 sidus
1251 796 1437 844 adorat.
1838 815 1919 858 700

238 876 369 926 ‘iam
406 875 505 924 iam
543 877 679 924 nulla
715 893 854 924 mora
889 885 997 936 est3
1044 892 1226 938 sequor
1261 885 1310 924 et
1346 893 1445 938 qua
1480 876 1660 926 ducitis
1696 878 1889 938 adsum,

234 956 286 1006 di
323 956 501 1021 patrii3
555 966 743 1005 servate
779 958 1004 1017 domum,
1044 966 1233 1006 servate
1270 966 1520 1020 nepotem.

233 1048 451 1087 vestrum
490 1039 587 1087 hoc
624 1038 896 1102 augurium,
937 1048 1201 1102 vestroque
1238 1038 1290 1086 in
1326 1039 1532 1088 numine
1569 1039 1720 1089 Troia
1755 1049 1842 1090 est.
1914 1046 1921 1053 ’

234 1121 361 1168 cedo
399 1119 635 1182 equidem
674 1137 780 1179 nec,
821 1129 948 1178 nate,
989 1119 1080 1168 tibi
1117 1136 1286 1168 comes
1324 1119 1393 1169 ire
1429 1123 1635 1170 recuso.²

233 1200 421 1250 dixerat
457 1199 553 1260 ille,
595 1209 643 1248 et
680 1201 778 1248 iam
815 1217 903 1263 per
939 1201 1140 1249 moenia
1176 1200 1351 1269 clarior
1387 1200 1513 1265 ignis
1837 1221 1914 1264 705

232 1281 441 1342 auditur,
483 1281 789 1345 propiusque
826 1291 991 1330 aestus
1029 1282 1264 1331 incendia
1299 1284 1517 1332 volvunt.

236 1369 382 1428 ‘ergo
418 1381 521 1427 age,
561 1381 673 1413 care
709 1373 860 1427 pater,
903 1364 1082 1413 cervici
1118 1364 1375 1427 imponere
1411 1374 1643 1426 nostrae3

231 1445 337 1509 ipse
374 1445 554 1494 subibo
592 1444 773 1493 umeris
812 1462 905 1493 nec
944 1462 1024 1494 me
1062 1446 1202 1494 labor
1238 1445 1330 1494 iste
1365 1446 1586 1509 gravabit
1606 1465 1620 1506 5

231 1543 332 1590 quo
369 1544 444 1576 res
482 1543 698 1590 cumque
735 1528 929 1587 cadent,
971 1544 1130 1575 unum
1167 1536 1216 1576 et
1251 1544 1521 1576 commune
1555 1527 1809 1591 periclum,

230 1625 331 1657 una
367 1610 498 1657 salus
535 1608 782 1656 ambobus
822 1608 924 1656 erit.
1002 1607 1125 1656 mihi
1161 1625 1339 1671 parvus
1379 1610 1517 1657 Iulus
1834 1628 1912 1671 710

230 1690 291 1739 sit
329 1707 511 1750 comes,
551 1699 599 1738 et
635 1691 782 1753 longe
821 1699 979 1739 servet
1017 1690 1221 1753 vestigia
1257 1690 1487 1740 coniunx.

229 1789 330 1831 vos,
371 1770 556 1830 famuli,
597 1788 724 1834 quae
762 1770 927 1819 dicam
965 1771 1143 1820 animis
1180 1771 1419 1820 advertite
1455 1772 1639 1821 vestris.

230 1862 303 1902 est
339 1853 462 1901 urbe
499 1852 702 1915 egressis
742 1855 962 1901 tumulus
1003 1855 1347 1917 templumque
1382 1863 1633 1903 vetustum

229 1936 452 1983 desertae
491 1932 695 1992 Cereris,
738 1933 971 1996 iuxtaque
1011 1934 1215 1998 antiqua
1252 1952 1513 1998 cupressus

229 2014 465 2078 religione
501 2024 696 2078 patrum
735 2017 918 2064 multos
960 2026 1149 2065 servata
1185 2034 1272 2079 per
1306 2034 1477 2065 annos.
1830 2032 1917 2078 715*

229 2098 358 2145 hanc
396 2113 455 2145 ex
491 2096 686 2145 diverso
725 2098 896 2145 sedem
935 2097 1193 2146 veniemus
1230 2097 1283 2148 in
1318 2115 1483 2146 unam.

229 2187 294 2237 tu,
334 2178 538 2242 genitor,
580 2195 702 2242 cape
740 2195 877 2227 sacra
916 2196 1068 2227 manu
1106 2179 1390 2243 patriosque
1425 2179 1618 2242 penatis
1635 2197 1650 2240 3

230 2277 310 2308 me
346 2261 480 2308 bello
518 2277 545 2308 e
582 2269 720 2308 tanto
760 2259 1034 2323 digressum
1074 2269 1123 2308 et
1159 2262 1313 2309 caede
1349 2260 1535 2309 recenti

229 2351 486 2390 attrectare
525 2343 675 2400 nefaS,
719 2343 882 2390 donec
921 2359 1002 2391 me
1040 2342 1245 2391 flumine
1280 2341 1394 2391 vivo

228 2423 463 2471 abluero.'
1755 2449 1757 2451 ·
1829 2443 1910 2485 720

229 2505 352 2552 haec
389 2506 516 2552 fatus
555 2506 680 2553 latos
721 2522 918 2554 umeros
957 2506 1281 2570 subiectaque
1317 2508 1446 2556 colla

227 2594 364 2633 veste
400 2602 547 2648 super
582 2586 802 2650 fulvique
843 2587 1087 2637 insternor
1122 2590 1250 2651 pelle
1286 2587 1457 2646 leonis,

229 2669 546 2730 succedoque
584 2667 756 2729 oneri,
807 2671 1007 2719 dextrae
1045 2687 1098 2719 se
1134 2686 1309 2733 parvus
1349 2671 1486 2717 Iulus

228 2747 471 2811 implicuit
510 2749 830 2813 sequiturque
871 2760 1061 2814 patrem
1099 2768 1201 2800 non
1238 2750 1464 2813 passibus
1501 2749 1672 2813 aequis
1689 2767 1710 2810 ;,

284 2881 477 2930 694-699
496 2880 667 2919 FMPV
678 2896 688 2931 ;
731 2895 920 2932 700—724
951 2881 1086 2920 MPV
1326 2884 1410 2931 699
1436 2881 1585 2920 tollere
1608 2878 1694 2930 Ρ·γ1
1718 2879 1784 2930 (ut
1801 2878 1905 2918 vide-

156 2947 161 2950 ·
228 2932 315 2983 tur)
347 2933 390 2971 al
502 2937 554 2974 ad
585 2936 732 2987 auras]
763 2937 892 2976 miras
927 2936 968 2975 V
990 2941 1036 2974 ut
1057 2936 1218 2976 videtur
1382 2949 1458 2986 701
1489 2935 1613 2985 vulgo
1630 2934 1796 2984 plenius
1811 2938 1909 2983 post

228 2987 381 3026 adsum.
399 2989 688 3041 dzistzhguitur:
720 2990 794 3030 sed
817 2991 905 3030 vide
932 2991 1079 3041 Hemjy
1096 2991 1155 3030 ad
1175 2991 1285 3029 hunc
1305 2991 1439 3029 Iocum
1572 3001 1647 3038 711
1681 2994 1724 3027 et
1751 2987 1905 3040 longe]

231 3042 356 3081 multi
373 3043 419 3082 de
437 3045 502 3083 his
520 3045 648 3084 verbis
668 3044 981 3084 dubitaverunt:
1013 3045 1086 3084 sed
1102 3046 1208 3084 nihil
1225 3044 1480 3083 mutandum
