2020 3372
1333 139 1757 190 GEORGICON
1796 139 1821 186 I

146 284 433 349 praesertim
469 283 667 333 incertis
705 283 745 333 si
781 282 1038 332 mensibus
1074 281 1234 331 amnis
1269 281 1532 330 abundans
1743 300 1818 339 115

147 366 244 415 exit
280 376 329 415 et
364 367 586 415 obducto
624 367 721 414 late
757 374 893 413 tenet
929 363 1098 413 omnia
1133 363 1268 422 limo,

145 450 280 496 unde
316 465 465 496 cavae
501 447 671 511 tepido
707 448 888 495 sudant
923 462 1097 494 umore
1132 447 1352 494 lacunae.

214 530 322 577 Nec
347 539 528 588 tamen,
556 530 679 577 haec
705 545 819 576 cum
836 527 934 576 sint
958 526 1322 589 hominumque
1343 526 1601 588 boumque
1626 525 1818 573 labores

143 611 386 658 versando
423 619 600 658 terram
637 608 836 672 experti,
875 608 998 656 nihil
1034 607 1290 670 improbus
1326 623 1470 655 anser

144 691 553 754 Strymoniaeque
587 707 730 754 grues
767 699 816 738 et
851 688 1029 738 amaris
1066 688 1224 737 intiba
1259 687 1394 737 fibris
1740 706 1818 734 120

143 772 364 820 officiunt
399 781 483 821 aut
519 773 695 820 umbra
730 781 890 819 nocet.
930 780 1068 834 pater
1102 770 1209 834 ipse
1245 768 1443 819 colendi

142 854 277 902 haud
313 853 507 902 facilem
545 870 652 902 esse
687 853 818 901 viam
853 852 1021 912 voluit,
1062 851 1350 916 primusque
1386 867 1474 914 per
1507 860 1664 899 artem

141 934 295 983 movit
330 952 471 999 agros
508 935 636 983 curis
671 952 856 983 acuens
892 934 1119 983 mortalia
1154 935 1318 993 corda,

141 1032 234 1064 nec
270 1025 463 1079 torpere
498 1015 630 1078 gravi
665 1033 839 1078 passus
876 1033 965 1064 sua
1001 1032 1149 1078 regna
1185 1024 1401 1063 veterno.

139 1106 254 1146 ante
293 1099 466 1146 Iovem
503 1096 625 1145 nulli
662 1096 957 1161 subigebant
993 1113 1109 1145 arva
1145 1096 1311 1145 coloni
1328 1114 1342 1156 ;
1738 1113 1814 1154 125

141 1196 204 1227 ne
242 1179 433 1243 signare
470 1179 674 1242 quidem
710 1188 795 1227 aut
831 1178 998 1242 partiri
1034 1177 1189 1227 limite
1226 1194 1460 1241 campum

140 1261 212 1308 fas
250 1270 371 1308 erat:
410 1260 462 1308 in
498 1260 722 1309 medium
759 1259 1076 1323 quaerebant,
1118 1258 1324 1322 ipsaque
1361 1260 1500 1307 tellus

139 1341 309 1390 omnia
344 1341 544 1390 liberius
581 1343 718 1389 nullo
755 1349 993 1404 poscente
1030 1340 1230 1388 ferebat.

138 1422 220 1471 ille
257 1424 443 1470 malum
479 1421 610 1470 virus
647 1420 958 1484 serpentibus
995 1419 1191 1469 addidit
1225 1419 1354 1479 atris,

138 1503 462 1567 praedarique
498 1505 642 1566 lupos
678 1502 818 1551 iussit
854 1511 1167 1565 pontumque
1203 1500 1404 1560 moveri,
1738 1518 1816 1558 130

138 1587 383 1652 mellaque
420 1584 636 1633 decussit
673 1583 801 1632 foliis
837 1583 1103 1647 ignemque
1138 1581 1358 1641 removit,

138 1676 186 1714 et
222 1665 406 1729 passim
442 1666 554 1714 rivis
591 1665 836 1714 currentia
871 1664 985 1713 vina
1020 1663 1260 1727 repressit,

137 1757 191 1796 ut
226 1747 380 1796 varias
417 1764 534 1796 usus
571 1746 862 1796 meditando
899 1747 1188 1794 extunderet
1224 1743 1338 1792 artis

137 1828 388 1892 paulatim,
429 1838 478 1877 et
514 1828 661 1877 sulcis
698 1827 930 1876 frumenti
967 1834 1222 1890 quaereret
1256 1826 1478 1885 herbam,

136 1919 190 1958 ut
228 1909 374 1958 silicis
411 1908 548 1958 venis
585 1910 865 1958 abstrusum
903 1909 1166 1956 excuderet
1202 1906 1380 1970 ignem.
1735 1924 1811 1965 135

136 1999 255 2039 tunc
292 1992 433 2039 alnos
470 1990 684 2054 primum
720 1989 856 2038 fluvii
892 2005 1088 2038 sensere
1124 1997 1319 2037 cavatas
1337 2006 1351 2048 ;

136 2073 300 2122 navita
337 2082 443 2121 tum
482 2073 633 2122 stellis
669 2088 901 2121 numeros
939 2081 987 2121 et
1022 2069 1228 2119 nomina
1262 2069 1378 2118 fecit

137 2154 378 2215 Pleiadas,
421 2156 642 2217 Hyadas,
683 2155 964 2216 claramque
1002 2151 1245 2215 Lycaonis
1282 2153 1470 2199 Arcton
1488 2168 1502 2211 3

135 2246 241 2285 tum
279 2236 466 2300 laqueis
505 2245 702 2299 captare
738 2237 863 2284 feras
900 2243 948 2283 et
983 2236 1150 2282 fallere
1185 2232 1320 2282 visco

134 2317 392 2367 inventum
432 2328 480 2368 et
518 2335 724 2382 magnos
763 2317 970 2365 canibus
1007 2315 1311 2364 circumdare
1349 2316 1500 2363 saltus
1517 2332 1531 2375 3
1735 2334 1814 2374 140

134 2408 283 2462 atque
320 2399 444 2449 alius
483 2402 638 2449 latum
676 2401 831 2448 funda
867 2398 966 2447 iam
1001 2397 1224 2446 verberat
1259 2413 1459 2445 amnem

133 2482 232 2529 alta
268 2490 456 2544 petens,
498 2484 775 2545 pelagoque
812 2480 936 2529 alius
973 2478 1120 2528 trahit
1155 2476 1327 2526 umida
1362 2477 1461 2525 lina
1479 2495 1492 2537 ,·

134 2570 240 2609 tum
277 2562 387 2610 ferri
423 2562 551 2626 rigor
587 2572 736 2626 atque
773 2571 972 2625 argutae
1009 2559 1246 2609 lammina
1281 2576 1440 2608 serrae

136 2642 272 2706 (nam
309 2643 453 2706 primi
490 2644 660 2693 cuneis
699 2644 994 2693 scindebant
1031 2641 1179 2690 fissile
1215 2641 1439 2704 lignum),

195 2782 378 2820 115-144
401 2771 576 2811 AMPR
793 2784 869 2822 133
892 2773 1143 2810 extruderet
1155 2769 1236 2809 P2:
1262 2770 1528 2817 extuderet7
1630 2779 1707 2818 135
1728 2767 1815 2806 eicit

135 2825 318 2877 Ribbeck,
341 2825 517 2875 dqfendit
542 2826 726 2878 Schaper
852 2826 917 2878 ut]
944 2832 988 2865 et
1006 2825 1049 2864 A
1080 2824 1262 2877 Wagner
1495 2833 1573 2872 139
1602 2827 1702 2861 tunc
1722 2822 1771 2860 M
1778 2821 1815 2860 lc

140 2892 215 2928 142
245 2880 330 2919 alta
351 2885 503 2930 petens
525 2881 631 2920 alius
651 2881 805 2931 pelago
826 2880 998 2920 Hanow

1651 2945 1702 2985 3*
