2014 3372
196 144 249 192 P.
290 145 591 193 VERGILI
630 145 957 199 MARONIS

197 286 303 334 sola
338 286 493 335 domo
530 294 715 334 maeret
750 302 907 334 vacua
943 284 1205 349 stratisque
1240 285 1421 335 relictis

196 367 413 416 incubat.
488 366 628 415 illurn
664 367 845 416 absens
881 367 1142 417 absentem
1178 367 1418 432 auditque
1453 368 1703 433 videtque,

196 457 281 496 aut
317 447 505 512 gremio
540 447 815 497 Ascanium
851 448 1085 512 genitoris
1121 448 1336 513 imagine
1372 459 1517 514 capta

198 529 401 589 detinet,
441 529 703 579 infandum
739 529 781 579 si
816 531 982 580 fallere
1018 530 1174 594 possit
1209 548 1443 580 amorem.
1750 548 1752 550 ’
1802 542 1877 592 -85

198 628 302 660 non
339 620 547 676 coeptae
582 613 855 676 adsurgunt
891 622 1059 673 turres,
1100 629 1203 662 non
1238 630 1375 662 arma
1410 613 1640 664 iuventus

199 702 393 742 exercet
427 702 661 756 portusve
696 704 782 743 aut
817 697 1189 759 propugnacula
1223 696 1356 745 bello

199 784 304 824 tuta
340 785 547 838 parant:
595 778 818 839 pendent
855 793 1005 839 opera
1039 775 1312 840 interrupta
1347 777 1614 842 minaeque

200 875 454 907 murorum
490 857 715 922 ingentes
751 868 1063 922 aequataque
1099 859 1331 909 machina
1366 862 1519 910 caelo.

269 941 435 1003 Quam
473 939 620 989 simul
656 957 714 990 ac
750 940 834 990 tali
870 940 1113 1004 persensit
1147 950 1288 1004 peste
1326 941 1484 991 teneri
1828 962 1885 1004 90

200 1040 312 1072 cara
349 1022 483 1072 Iovis
519 1023 739 1072 coniunx
774 1040 867 1072 nec
903 1025 1087 1072 famam
1124 1024 1320 1073 obstare
1356 1024 1519 1085 furori,

200 1104 379 1153 talibus
415 1105 701 1168 adgreditur
735 1108 984 1155 Venerem
1022 1105 1249 1155 Saturnia
1284 1105 1458 1156 dictis:

203 1190 214 1211 ‘
235 1185 480 1250 egregiam
516 1203 633 1236 vero
668 1188 870 1236 laudem
906 1196 956 1235 et
991 1186 1149 1250 spolia
1183 1189 1350 1250 ampla
1384 1187 1570 1236 refertis

200 1277 354 1332 tuque
391 1285 614 1332 puerque
650 1278 763 1318 tuus
802 1268 1059 1335 (magnum
1097 1278 1146 1318 et
1183 1269 1506 1319 memorabile
1541 1269 1765 1335 numen),

200 1367 301 1404 una
337 1352 457 1405 dolo
494 1349 666 1403 divum
703 1350 744 1401 si
779 1350 965 1401 femina
1000 1350 1131 1400 victa
1166 1352 1381 1400 duorum
1417 1360 1504 1401 est.
1830 1370 1883 1413 95

200 1448 294 1488 nec
331 1455 412 1487 me
447 1439 577 1487 adeo
613 1437 735 1486 fallit
770 1435 975 1485 veritam
1012 1443 1062 1484 te
1098 1433 1297 1484 moenia
1332 1443 1500 1484 nostra
1886 1423 1893 1425 ⁵

202 1530 457 1585 suspectas
492 1519 725 1569 habuisse
762 1521 940 1569 domos
980 1517 1298 1582 Karthaginis
1334 1519 1473 1566 altae.

202 1605 291 1653 sed
329 1602 438 1667 quis
475 1602 565 1652 erit
602 1604 795 1662 modUS‚
836 1611 921 1651 aut
958 1618 1060 1665 quo
1096 1619 1232 1650 nunc
1269 1592 1538 1650 certamine
1572 1602 1751 1649 tanto?

204 1687 325 1751 quin
361 1686 527 1750 potius
563 1703 740 1750 pacem
777 1695 1030 1735 aeternam
1066 1694 1340 1749 pactosque
1376 1686 1681 1748 hymenaeos

205 1770 527 1818 exercemus?
574 1768 730 1817 habes
766 1777 871 1817 tota
907 1769 1045 1830 quod
1082 1775 1250 1816 mente
1286 1765 1481 1829 petisti:
1811 1766 1893 1812 106

204 1852 343 1900 ardet
379 1867 551 1899 amans
590 1849 729 1900 Dido
765 1849 1009 1913 traxitque
1044 1867 1133 1912 per
1168 1866 1281 1898 ossa
1317 1851 1545 1897 furorem.
1893 1852 1895 1854 ’

206 1950 528 1982 communem
564 1934 700 1981 hunc
737 1949 853 1995 ergo
890 1933 1134 1996 populum
1170 1931 1473 1994 paribusque
1509 1946 1736 1994 regamus

205 2014 437 2078 auspiciis
455 2033 468 2075 3
505 2014 650 2063 liceat
688 2013 901 2077 Phrygio
938 2012 1118 2062 servire
1154 2012 1330 2061 marito
1679 2015 1681 2017 ’

207 2095 487 2159 dotalisque
524 2105 639 2145 tuae
675 2094 851 2158 Tyrios
888 2095 1171 2158 permittere
1208 2096 1438 2144 dextrae.’

277 2177 378 2227 Olli
416 2177 590 2242 (sensit
626 2176 761 2226 enim
798 2177 1028 2226 simulata
1065 2186 1232 2225 mente
1268 2178 1498 2236 locutam,
1815 2194 1891 2235 105

210 2276 311 2323 quo
347 2276 554 2323 regnum
593 2258 766 2308 Italiae
806 2258 1018 2322 Libycas
1055 2267 1293 2308 averteret
1329 2260 1461 2323 oras)

211 2342 281 2390 sic
317 2350 489 2390 contra
525 2350 599 2390 est
634 2340 853 2404 ingressa
887 2343 1090 2389 Venus:
1143 2339 1281 2403 ‘quis
1317 2339 1433 2388 talia
1468 2341 1675 2389 demens

211 2425 398 2473 abnuat
433 2433 518 2472 aut
554 2433 720 2473 tecum
758 2423 896 2472 malit
933 2424 1237 2472 contendere
1272 2422 1443 2471 bello?

213 2506 253 2555 si
290 2507 443 2555 modo
480 2508 619 2569 quod
656 2523 902 2555 memoras
940 2508 1128 2555 factum
1164 2506 1362 2554 fortuna
1397 2511 1640 2567 sequatur.

214 2588 303 2636 sed
338 2587 449 2636 fatis
486 2587 673 2637 incerta
709 2590 850 2649 feror,
890 2588 931 2637 si
970 2586 1193 2651 Iuppiter
1229 2603 1381 2635 unam
1818 2602 1897 2632 110

215 2686 322 2718 esse
358 2670 475 2719 velit
510 2670 670 2733 Tyriis
708 2672 883 2719 urbem
920 2669 1171 2732 Troiaque
1207 2667 1452 2733 profectis,

271 2803 406 2850 82-92
427 2801 621 2851 FMPR;
652 2815 813 2852 93-111
838 2801 881 2839 F
897 2800 1120 2849 (recentiore
1142 2798 1294 2850 manu)
1317 2796 1449 2836 MPR
1669 2797 1721 2845 85
1751 2807 1901 2833 aman-

217 2862 299 2895 tem
320 2857 363 2895 F
465 2870 516 2907 91
549 2857 703 2909 furori]
725 2857 879 2907 pudori
901 2855 990 2894 Rm
1101 2868 1154 2904 94
1187 2867 1343 2893 nomen
1367 2851 1672 2892 Canonicianus
1691 2849 1901 2888 deteriores

216 2911 388 2950 Ribbeck
538 2913 593 2961 98
621 2911 856 2951 certamina
886 2916 1006 2949 tanta
1033 2909 1234 2948 Heinsius
1417 2908 1494 2946 106
1525 2904 1646 2945 Italia
1680 2901 1905 2954 Wakefield

219 2966 462 3005 adverteret
481 2981 509 3004 π
530 2966 621 3005 libri
637 2965 773 3015 Pierii,
798 2965 982 3017 agnoscit
998 2962 1112 3004 Serv.
1770 2979 1773 2998 :
