2014 3372
266 134 316 182 P.
360 135 656 184 VERGILI
696 136 1023 186 MARONIS

264 275 597 336 Dardanidae,
635 285 960 338 veterumque
995 284 1273 340 agnoscunt
1309 292 1395 326 ora
1429 284 1724 340 parentum.v

262 366 529 421 postquam
567 374 771 406 omnem
808 357 924 406 laeti
960 373 1251 407 consessum
1289 359 1563 421 oculosque
1598 374 1803 408 suorum

262 439 527 487 lustravere
563 437 614 486 in
651 438 806 501 equis,
845 438 1041 503 signum
1077 440 1294 488 clamore
1329 438 1510 502 paratis

263 520 502 584 Epytides
539 522 686 585 longe
722 520 861 570 dedit
897 520 1219 584 insonuitque
1254 522 1461 585 flagello.

262 601 347 651 olli
384 601 656 651 discurrere
692 619 834 665 pares
871 612 1021 666 atque
1057 602 1256 667 agmina
1291 602 1418 651 terni
1859 612 1941 663 580

261 684 476 735 diductis
513 687 703 735 solvere
739 685 917 746 choris,
957 702 1222 749 rursusque
1257 684 1420 756 vocati

261 777 547 817 convertere
582 768 684 817 vias
721 767 1000 832 infestaque
1035 771 1133 818 tela
1168 770 1336 818 tulere.

260 850 378 899 inde
414 850 537 900 alios
574 851 748 900 ineunt
784 868 955 900 cursus
991 851 1216 915 aliosque
1251 867 1476 900 recursus

260 932 453 981 adversi
490 932 673 997 spatiis,
712 935 1030 997 alternosque
1067 933 1271 982 orbibus
1309 933 1442 982 orbis

260 1014 541 1079 impediunt
577 1033 875 1080 pugnaeque
911 1016 1043 1065 cient
1080 1015 1341 1064 simulacra
1376 1016 1470 1065 sub
1506 1014 1654 1065 armis
1672 1034 1687 1077 ;
1861 1025 1938 1078 585

261 1107 309 1147 et
346 1115 480 1146 nunc
517 1107 652 1163 terga
687 1100 803 1162 fuga
839 1101 1046 1159 nudant,
1086 1115 1220 1147 nunc
1257 1098 1447 1162 spicula
1481 1108 1679 1147 vertunt

260 1179 454 1239 infensi,
493 1182 622 1229 facta
658 1180 838 1244 pariter
873 1198 1009 1229 nunc
1046 1197 1169 1244 pace
1205 1182 1439 1229 feruntur.

260 1269 314 1309 ut
351 1262 608 1324 quondam
646 1263 795 1312 Creta
830 1263 981 1310 fertur
1018 1261 1350 1325 Labyrinthus
1386 1261 1438 1310 in
1472 1263 1572 1310 alta

261 1342 528 1405 parietibus
566 1352 755 1392 textum
793 1343 953 1392 caecis
990 1343 1081 1392 iter
1115 1343 1486 1407 ancipitemque

261 1423 395 1472 mille
430 1423 520 1473 viis
558 1424 792 1473 habuisse
828 1426 1015 1484 dolum,
1056 1441 1154 1487 qua
1190 1424 1329 1488 signa
1364 1424 1607 1488 sequendi
1861 1444 1942 1487 590

260 1506 502 1568 frangeret
539 1505 866 1569 indeprensus
903 1515 951 1555 et
987 1506 1319 1555 inremeabilis
1355 1523 1515 1556 error:

261 1578 395 1636 haud
431 1587 527 1636 alio
561 1590 812 1637 Teucrum
849 1587 952 1637 nati
988 1587 1191 1652 vestigia
1226 1605 1371 1638 cursu

260 1668 541 1732 impediunt
578 1678 852 1733 texuntque
888 1672 1027 1733 fugas
1065 1679 1113 1719 et
1150 1670 1337 1734 proelia
1372 1672 1508 1731 ludo,

260 1750 555 1814 delphinum
594 1751 778 1801 similes
817 1752 902 1815 qui
939 1769 1026 1816 per
1062 1753 1216 1802 maria
1251 1753 1423 1802 umida
1459 1754 1628 1803 nando

263 1834 585 1896 Carpathium
609 1834 954 1898 Libycumque
981 1844 1150 1884 secant
1173 1833 1472 1901 [luduntque
1492 1853 1579 1899 per
1597 1832 1794 1903 undas}
1861 1855 1937 1898 595

260 1916 395 1963 hunc
432 1932 622 1965 morem
660 1932 831 1964 cursus
867 1925 1017 1980 atque
1055 1918 1178 1965 haec
1216 1917 1485 1966 certamina
1521 1916 1708 1980 primus

259 1996 520 2057 Ascanius,
562 2000 787 2061 Longam
827 1997 977 2047 muris
1015 2014 1130 2047 cum
1168 1997 1384 2061 cingeret
1420 1999 1618 2058 Albam,

260 2078 445 2127 rettulit
481 2087 530 2128 et
566 2078 754 2142 priscos
792 2079 964 2129 docuit
1001 2080 1250 2129 celebrare
1288 2079 1505 2140 Latinos,

259 2176 360 2223 quo
397 2177 519 2224 puer
554 2161 659 2224 ipse
697 2163 864 2221 modo,
906 2179 1076 2211 secum
1113 2178 1215 2225 quo
1248 2161 1399 2211 Troia
1434 2161 1592 2225 pubes
1609 2179 1624 2222 ,-

259 2242 443 2291 Albani
480 2245 696 2292 docuere
734 2259 849 2292 suos
868 2261 881 2303 ‚-
925 2242 1041 2291 hinc
1078 2242 1292 2291 maxima
1327 2259 1474 2306 porro
1742 2279 1746 2285 «
1857 2250 1941 2292 600

259 2324 449 2388 accepit
488 2327 653 2373 Roma
690 2334 739 2373 et
777 2323 990 2387 patrium
1030 2324 1237 2374 servavit
1274 2326 1517 2374 honorem
1534 2343 1549 2385 3

257 2405 507 2468 Troiaque
545 2422 679 2454 nunc
715 2405 868 2469 pueri,
898 2405 1172 2455 Troianum
1210 2405 1388 2454 dicitur
1422 2421 1615 2469 agmen.

257 2489 350 2536 hac
386 2488 632 2536 celebrata
669 2497 813 2537 tenus
853 2497 1026 2537 sancto
1064 2487 1333 2537 certamina
1367 2487 1505 2550 patri.

326 2570 465 2619 Hinc
501 2569 717 2633 primum
757 2573 976 2620 Fortuna
1015 2571 1167 2620 fidem
1205 2578 1394 2618 mutata
1428 2568 1640 2618 novavit.

287 2703 500 2780 l576-—604
515 2700 645 2739 MPR
759 2713 837 2765 577
863 2714 1112 2741 cossensum
1131 2699 1219 2739 M¹:
1243 2713 1491 2761 concessum
1505 2698 1588 2750 Ργι
1700 2700 1783 2763 589
1803 2700 1937 2740 ternis

256 2757 332 2862 g9br
366 2758 584 2861 franggffgt
604 2755 962 2862 ἳξὲξὲἓὲῗπληδξνυ.
983 2823 991 2850 :
1023 2755 1377 2848 faffgffetaldblcffrffls
1393 2753 1508 2858 ζζξ
1526 2753 1939 2848 εΙίοῗὲξεΙΓῗὟεδςέΙξῐὲἷ

256 2865 420 2905 R2bmrr
524 2865 610 2904 nati
628 2866 840 2904 Teucrum
853 2865 921 2916 ΡΎ
1033 2875 1112 2914 595
1134 2863 1370 2913 luduntque
1385 2876 1463 2913 per
1476 2863 1614 2902 undas
1629 2874 1711 2902 om.
1728 2861 1937 2912 'M1P71m

255 2922 335 2959 602
365 2924 461 2959 ante
479 2920 602 2971 pueri
624 2920 921 2971 interpungunt
940 2918 1105 2959 editores
1117 2918 1301 2970 plerique
1478 2916 1620 2969 pueri]
1642 2916 1730 2956 ludi
1745 2917 1941 2970 proponit

255 2974 475 3027 Nettlesln'p
643 2976 723 3023 604
754 2974 821 3013 hic
844 2973 915 3013 Mc
