2020 3372
177 124 230 172 P.
271 125 572 174 VERGILI
613 125 939 175 MARONIS

276 268 544 329 adgredere
581 284 611 315 o
648 282 854 329 magnos
893 264 1070 330 (aderit
1105 264 1203 313 iam
1239 263 1456 330 tempus)
1493 266 1722 326 honores,

278 365 390 396 cara
425 350 577 397 deum
614 348 828 406 suboles,
868 363 1105 409 magnum
1139 346 1277 395 Iovis
1314 346 1707 396 incrementum!
1763 375 1766 378 ·

276 428 443 491 aspice
480 445 703 477 convexo
739 436 998 476 nutantem
1035 429 1258 490 pondere
1294 430 1554 487 mundum,
1797 448 1851 487 50

208 534 215 555 ·.
277 519 528 573 terrasque
565 519 849 573 tractusque
885 509 1032 558 maris
1070 511 1364 573 caelumque
1400 511 1728 572 profundum:
1814 511 1819 515 ”

277 590 444 654 aspice
479 599 688 639 venturo
725 593 968 639 laetentur
1003 599 1057 639 ut
1094 589 1264 659 omnia
1301 592 1495 639 saeclo!

278 689 309 721 o
346 671 468 720 mihi
505 681 610 720 tum
643 673 824 734 longae
861 680 1059 720 maneat
1094 688 1207 734 pars
1244 670 1417 719 ultima
1451 670 1594 730 vitae,

279 752 475 816 spiritus
513 762 562 801 et
599 762 842 816 quantum
881 762 954 800 sat
991 752 1079 800 erit
1116 762 1202 800 tua
1238 752 1402 800 dicere
1438 753 1587 799 facta:

277 851 380 883 non
417 851 498 881 me
535 832 835 882 carminibus
872 833 1037 882 vincet
1073 850 1166 881 nec
1200 832 1441 881 Thracius
1473 833 1718 896 Orpheus,
1800 854 1850 895 55

205 959 208 962 ,
278 933 370 965 nec
392 916 562 976 Linus,
585 915 702 964 huic
727 924 883 964 mater
909 915 1134 978 quamvis
1159 924 1309 978 atque
1334 914 1450 963 huic
1475 923 1613 977 pater
1634 914 1779 975 adsit,

278 998 468 1061 Orphei
506 998 776 1061 Calliopea,
814 998 943 1047 Lino
979 1000 1224 1047 formosus
1259 999 1455 1060 Apollo.

278 1084 384 1130 Pan
421 1081 584 1141 etiam,
620 1081 835 1130 Arcadia
871 1098 1070 1130 mecum
1107 1081 1147 1129 si
1183 1079 1348 1129 iudice
1384 1088 1550 1139 certet,

278 1165 385 1210 Pan
422 1162 570 1211 etiam
607 1161 823 1211 Arcadia
859 1162 991 1210 dicat
1029 1178 1080 1210 se
1117 1160 1281 1210 iudice
1317 1160 1516 1208 victum.

278 1242 457 1305 incipe,
496 1259 644 1305 parve
680 1259 815 1306 puer,
855 1241 954 1290 risu
991 1258 1292 1305 cognoscere
1329 1250 1537 1289 matrem
1801 1248 1854 1289 60

280 1325 444 1390 (matri
481 1328 628 1389 longa
665 1328 841 1375 decem
877 1327 1095 1374 tulerunt
1132 1325 1328 1375 fastidia
1364 1324 1581 1390 menses)

277 1406 456 1470 incipe,
496 1424 644 1470 parve
679 1424 823 1470 puer:
863 1406 947 1470 qui
985 1424 1087 1456 non
1124 1406 1271 1456 risere
1307 1406 1512 1470 parenti,

277 1505 371 1538 nec
408 1490 531 1537 deus
568 1489 703 1536 hunc
741 1505 926 1548 mensa,
967 1490 1062 1537 dea
1098 1505 1191 1537 nec
1229 1487 1430 1551 dignata
1466 1487 1617 1537 cubili
1653 1498 1740 1538 est.

837 1674 1121 1723 ECLOGA
1155 1676 1205 1720 V

731 1796 1008 1829 MENALCAs
1098 1795 1295 1829 MOPSVS

177 1895 255 1935 Me.
349 1892 469 1940 CVR
499 1908 616 1950 non,
647 1892 842 1954 Mopse,
871 1889 992 1938 boni
1018 1889 1255 1952 quoniam
1286 1889 1610 1939 convenimus
1640 1890 1805 1950 ambo,

280 1981 333 2019 tu
371 1974 588 2021 calamos
625 1971 795 2020 inflare
831 1971 965 2030 levis,
1006 1988 1097 2034 ego
1135 1971 1299 2020 dicere
1335 1988 1517 2031 versus,

279 2052 361 2101 hic
397 2053 571 2115 corylis
609 2053 785 2101 mixtas
821 2053 947 2101 inter
983 2052 1302 2101 consedimus
1339 2055 1538 2101 ulmos?

176 2140 261 2180 Μο.
280 2136 359 2181 Tu
396 2133 572 2194 maior3
610 2133 700 2182 tibi
738 2151 818 2182 me
854 2143 928 2182 est
963 2150 1180 2196 aequum
1217 2151 1401 2196 parere,
1437 2135 1682 2193 Menalca,

280 2214 382 2263 sive
418 2215 513 2263 sub
547 2214 758 2262 incertas
794 2214 1029 2277 Zephyris
1067 2214 1374 2264 motantibus
1411 2215 1625 2274 umbras,
1828 2235 1850 2274 5

280 2296 381 2344 sive
417 2305 558 2345 antro
594 2295 759 2359 potius
797 2295 1123 2344 succedimus.
1198 2296 1379 2359 aspice,
1418 2306 1472 2345 ut
1503 2305 1702 2344 antrum

281 2376 511 2425 silvestris
547 2377 664 2425 raris
702 2376 876 2439 sparsit
912 2377 1138 2425 labrusca
1175 2377 1395 2426 racemis.

176 2464 254 2503 Me.
281 2457 542 2506 Montibus
579 2458 630 2506 in
666 2457 845 2507 nostris
883 2460 1016 2507 solus
1055 2458 1145 2507 tibi
1183 2468 1335 2508 certat
1368 2462 1622 2522 Amyntas.

177 2544 260 2584 Mo.
280 2539 430 2600 Quid,
467 2539 507 2587 si
543 2539 677 2588 idem
715 2548 866 2588 certet
906 2540 1167 2588 Phoebum
1207 2556 1435 2602 superare
1472 2540 1738 2588 canendo?

231 2671 363 2718 48-51
388 2669 430 2706 R
445 2684 453 2714 ;
483 2671 619 2718 52-63
639 2668 721 2706 PR
847 2681 899 2719 52
930 2669 1142 2708 laetantur
1163 2669 1206 2707 R
1318 2682 1371 2719 53
1402 2675 1487 2708 tam
1510 2667 1620 2708 codd.
1645 2667 1852 2707 deteriores

176 2724 330 2773 longae
350 2723 393 2761 R
411 2723 528 2763 Serv.
550 2739 559 2763 :
588 2725 716 2773 longe
743 2724 814 2773 Ργ
982 2736 1033 2773 55
1063 2725 1206 2763 vincat
1226 2723 1331 2774 P¹7²
1514 2725 1564 2761 61
1598 2723 1744 2762 matris
1764 2721 1851 2771 P²7

177 2778 385 2830 tulerunt]
409 2778 502 2816 ‘aliz‘
514 2778 768 2817 abstulerint
792 2779 954 2830 legunt'
977 2778 1090 2818 Serv.
1113 2793 1121 2816 ε
1154 2779 1337 2817 tulerum
1357 2777 1442 2816 P2:
1474 2778 1648 2816 tulerint
1663 2777 1704 2814 b²
1719 2776 1851 2825 etfor-

177 2838 282 2871 tasse
300 2832 358 2870 P1
474 2833 728 2871 abstulerint
751 2832 935 2884 Schaper
1097 2835 1149 2870 62
1178 2833 1249 2882 qui
1272 2845 1357 2871 non
1380 2833 1514 2871 risere
1535 2831 1700 2882 parenti
1719 2830 1850 2880 Quin-

176 2887 357 2931 tilianuS,
375 2887 635 2926 commendat
650 2887 698 2926 O.
719 2887 917 2927 Crusius:
951 2888 1019 2927 cui
1043 2918 1052 2927 .
1077 2917 1087 2927 .
1111 2917 1120 2927 .
1143 2893 1348 2938 parentes
1361 2886 1471 2926 codd.
1629 2887 1683 2935 63
1712 2883 1849 2935 hunc]

175 2942 256 2980 hos
276 2940 484 2979 Schrader

230 2995 280 3034 V.
327 3008 403 3046 1-—9
424 2995 505 3034 PR
747 2998 773 3035 8
803 3001 937 3035 certet
958 2996 1026 3047 Ργ
