2046 3380
218 165 271 212 P.
313 164 614 213 VERGILI
654 164 980 214 MARONIS

218 303 470 353 Thesidae
505 320 730 366 posuere,
769 313 919 367 atque
956 303 1083 353 inter
1117 305 1299 368 pocula
1333 303 1449 354 laeti

217 385 450 434 mollibus
487 384 538 433 in
575 385 725 449 pratis
762 394 941 434 unctos
978 388 1168 435 saluere
1203 403 1291 450 per
1325 395 1457 435 utres
1474 404 1489 448 3

216 483 310 515 nec
346 483 450 515 non
485 466 711 527 Ausonii,
745 467 897 516 Troia
931 484 1051 530 gens
1088 467 1252 528 missa,
1291 467 1457 517 coloni
1820 478 1895 529 385

214 548 436 597 versibus
474 546 740 611 incomptis
776 550 955 598 ludunt
991 549 1190 613 risuque
1226 551 1404 609 soluto,

216 629 703 693 oraque‘corticibus
742 640 944 680 sumunt
980 633 1228 681 horrenda
1264 631 1460 691 cavatis,

215 721 264 760 et
300 721 361 771 te,
403 713 615 771 Bacche,
655 721 836 760 vocant
872 729 959 775 per
995 712 1215 761 carmina
1250 715 1390 772 laeta,
1429 711 1621 777 tibique

215 793 386 842 oscilla
422 810 482 841 ex
516 795 616 842 alta
651 796 963 857 suspendunt
1001 794 1170 843 mollia
1205 793 1340 856 pinu.

213 875 331 924 hinc
368 875 530 924 omnis
567 877 702 938 largo
738 875 968 938 pubescit
1005 875 1150 924 vinea
1186 877 1302 935 fetu,
1770 912 1773 915 -
1819 895 1899 939 390

215 959 528 1020 complentur
563 959 816 1020 vallesque
855 974 1005 1006 cavae
1044 959 1296 1020 saltusque
1332 956 1567 1020 profundi

213 1048 262 1087 et
298 1056 619 1102 quocumque
655 1040 778 1088 deus
818 1039 1003 1088 circum
1041 1047 1191 1102 caput
1227 1038 1325 1102 egit
1360 1040 1640 1088 honestum.

215 1120 457 1184 ergo-rite
494 1138 639 1169 suum
678 1122 880 1169 Baccho
919 1120 1143 1169 dicemus
1181 1121 1425 1169 honorem

214 1201 515 1251 carminibus
552 1201 720 1265 patriis
757 1204 1024 1265 lancesque
1062 1210 1110 1250 et
1146 1201 1248 1250 liba
1284 1203 1512 1261 feremus,

214 1293 262 1332 et
299 1285 479 1333 ductus
517 1300 672 1332 cornu
709 1282 857 1332 stabit
894 1300 1030 1332 sacer
1066 1282 1230 1331 hircus
1267 1284 1333 1331 ad
1369 1299 1518 1342 aram,
1797 1295 1902 1345 139‘5.

213 1365 516 1429 pinguiaque
552 1365 603 1413 in
639 1365 836 1414 veribus
873 1364 1169 1414 torrebimus
1207 1373 1319 1414 exta
1354 1364 1583 1413 colurnis.
1783 1360 1792 1364 ”

283 1450 374 1496 Est
410 1447 559 1497 etiam
595 1447 677 1495 ille
712 1447 853 1507 labor
888 1445 1119 1495 curandis
1155 1445 1336 1494 vitibus
1372 1448 1507 1505 alter,

215 1529 295 1578 cui
331 1546 607 1592 numquam
643 1527 875 1577 exhausti
905 1527 1020 1576 satis
1058 1536 1150 1576 est:
1195 1543 1413 1590 namque
1443 1543 1593 1576 omne
1631 1525 1905 1590 quotannis

214 1620 387 1674 terque
424 1619 697 1674 quaterque
733 1611 895 1658 solum
932 1608 1265 1657 scindendum
1301 1608 1575 1672 glaebaque
1611 1607 1762 1657 versis

214 1703 471 1743 aeternum
507 1693 780 1755 frangenda
814 1691 1122 1750 bidentibus,
1157 1707 1308 1739 omne
1344 1691 1611 1739 levandum
1817 1709 1900 1750 400

216 1778 394 1826 fronde
429 1793 620 1825 nemus.
694 1774 822 1824 redit
857 1773 1083 1837 agricolis
1119 1775 1260 1823 labor
1294 1782 1433 1822 actus
1469 1773 1520 1822 in
1558 1774 1745 1833 orbem,

214 1869 366 1924 atque
401 1859 452 1907 in
489 1876 542 1907 se
579 1875 667 1907 sua
702 1875 790 1922 per
825 1857 1029 1921 vestigia
1063 1857 1274 1906 volvitur
1308 1874 1483 1906 annus.

215 1958 275 1990 a÷c
311 1941 410 1989 iam
447 1940 579 2000 olim,
621 1956 751 1988 seras
787 1939 955 2002 posuit
990 1955 1105 1987 cum
1141 1938 1285 1987 vinea
1321 1940 1521 1988 frondes

216 2023 421 2086 frigidus
459 2031 507 2071 et
544 2021 675 2070 silvis
712 2021 898 2085 Aquilo
936 2021 1154 2070 decussit
1190 2023 1448 2081 honorem,

217 2107 318 2156 iam
354 2115 461 2155 tum
497 2122 609 2154 acer
645 2122 786 2154 curas
823 2104 1106 2153 venientem
1144 2103 1365 2153 extendit
1401 2103 1452 2151 in
1489 2119 1677 2152 annum
1818 2114 1913 2163 405-

216 2189 442 2248 rusticus‚
482 2197 531 2237 et
567 2204 718 2236 curvo
755 2187 952 2236 Saturni
991 2189 1141 2236 dente
1178 2186 1400 2235 relictam
1571 2180 1574 2183 ’
1746 2196 1749 2198 “

215 2270 527 2335 persequitur
561 2268 713 2317 vitem
750 2270 1018 2317 attondens
1056 2262 1296 2331 fingitque
1334 2267 1572 2330 putando.

215 2352 403 2416 primus
440 2353 650 2400 humum
687 2350 860 2409 fodito,
900 2349 1088 2413 primus
1126 2351 1334 2399 devecta
1370 2358 1589 2397 cremato

216 2442 476 2493 sarmenta,
518 2442 566 2482 et
602 2434 756 2481 vallos
795 2431 981 2496 primus
1020 2432 1114 2480 sub
1150 2439 1281 2480 tecta
1317 2431 1495 2479 referto
1513 2447 1526 2489 3

216 2525 495 2579 postremus
533 2514 719 2563 metito.
795 2514 871 2562 bis
907 2513 1090 2562 vitibus
1127 2511 1307 2575 ingruit
1343 2511 1531 2569 umbra,
1804 2506 1902 2569 ‘410

217 2597 293 2647 bis
331 2607 549 2660 segetem
586 2596 753 2645 densis
791 2597 1052 2645 obducunt
1089 2594 1311 2643 sentibus
1347 2592 1562 2652 herbae3

195 2680 369 2728 ‘durus
406 2687 614 2740 uterque
650 2677 818 2726 labor:
862 2678 1064 2725 laudato
1100 2674 1320 2739 ingentia
1354 2690 1477 2732 rura,

219 2759 448 2824 exiguum
486 2758 650 2807 colito.
726 2774 819 2806 nec
855 2774 960 2806 non
996 2756 1144 2805 etiam
1180 2772 1353 2818 aspera
1389 2752 1518 2802 rusci

274 2892 465 2940 383—413
489 2888 620 2927 MPR
888 2899 969 2937 405
999 2886 1207 2926 extendet
1227 2883 1280 2923 M
1443 2884 1525 2934 406
1554 2879 1755 2933 rusticus]
1788 2880 1898 2931 agri-

219 2946 312 2984 cola
333 2944 374 2982 R
517 2957 593 2993 411
627 2943 834 2982 inducunt
854 2941 897 2981 P
1045 2954 1125 2992 413
1155 2939 1443 2992 asperetrusci
1471 2937 1535 2978 M¹
1558 2950 1566 2976 :
1617 2936 1722 2976 rusti
1744 2932 1901 2974 WPR

221 3003 426 3038 testantur
441 2998 561 3039 schol.
582 2998 708 3038 Bern.
