2014 3372
1318 168 1681 218 AENEIDOS
1720 168 1797 215 IX

126 331 370 380 agnovere
405 316 556 365 deum
592 329 819 378 proceres
855 311 1123 375 divinaque
1158 313 1257 359 tela

128 396 446 446 Dardanidae
482 397 859 460 pharetramque
894 395 1010 457 fuga
1045 409 1241 442 sensere
1277 399 1550 440 sonantem.
1715 397 1797 437 660

126 494 242 540 ergo
278 477 478 525 avidum
514 492 708 540 pugnae
743 474 888 524 dictis
924 491 983 522 ac
1019 473 1224 522 numine
1264 471 1459 522 Phoebi

126 558 397 606 Ascanium
434 557 711 621 prohibent,
750 556 844 619 ipsi
879 555 931 603 in
967 555 1235 604 certamina
1270 571 1435 602 rursus

127 641 400 688 succedunt
435 638 725 701 animasque
761 638 812 686 in
848 646 1017 700 aperta
1051 636 1269 700 pericula
1304 635 1519 684 mittunt,

125 719 162 767 it
198 722 383 768 clamor
418 719 532 767 totis
568 735 656 782 per
690 719 1060 781 propugnacula
1095 717 1259 777 muris,

125 800 390 849 intendunt
425 800 548 848 acris
584 816 724 847 arcus
761 808 1059 862 amentaque
1095 807 1339 861 torquent.
1715 804 1794 857 665

125 880 354 929 sternitur
389 897 538 929 omne
574 881 735 928 solum
772 879 894 939 telis,
934 889 1040 927 tum
1077 888 1216 928 scuta
1252 895 1502 942 cavaeque

125 964 246 1011 dant
282 962 501 1010 sonitum
538 960 672 1009 flictu
709 962 891 1023 galeae,
929 977 1096 1024 pugna
1130 977 1302 1023 aspera
1338 959 1522 1023 surgit:

125 1052 338 1106 quantus
374 1043 437 1090 ab
474 1058 655 1090 occasu
690 1041 893 1090 veniens
929 1040 1225 1103 pluvialibus
1264 1039 1457 1088 Haedis

124 1125 346 1173 verberat
381 1124 539 1171 imber
574 1125 796 1182 humum,
837 1139 987 1185 quam
1024 1124 1180 1170 multa
1214 1121 1453 1185 grandine
1489 1119 1644 1169 nimbi

125 1205 176 1253 in
211 1206 338 1253 vada
374 1203 710 1267 praecipitant,
750 1220 865 1251 cum
904 1203 1126 1266 Iuppiter
1161 1201 1388 1250 horridus
1425 1201 1599 1249 austris
1715 1209 1795 1262 670

125 1295 321 1348 torquet
357 1302 597 1348 aquosam
633 1284 850 1333 hiemem
887 1293 935 1332 et
973 1285 1111 1332 caelo
1149 1299 1268 1331 cava
1304 1282 1475 1331 nubila
1510 1281 1705 1346 rumpit.

193 1368 447 1415 Pandarus
486 1375 534 1415 et
571 1365 737 1425 Bitias,
780 1367 935 1414 Idaeo
972 1367 1218 1413 Alcanore
1254 1363 1387 1423 creti,

125 1465 250 1511 quos
289 1447 420 1496 Iovis
459 1446 627 1496 eduxit
664 1449 777 1495 luco
814 1446 1044 1495 silvestris
1082 1449 1222 1494 Iaera

123 1529 368 1578 abietibus
404 1529 605 1577 iuvenes
641 1527 808 1591 patriis
846 1537 893 1576 et
930 1527 1183 1576 montibus
1219 1543 1419 1589 aequos,

123 1621 330 1674 portam,
371 1627 498 1675 quae
535 1610 676 1659 ducis
713 1609 920 1673 imperio
958 1609 1236 1667 commissa,
1276 1609 1538 1656 recludunt
1713 1615 1792 1668 675

122 1693 232 1741 freti
268 1692 427 1752 armis,
468 1694 697 1754 ultroque
733 1691 941 1739 invitant
978 1690 1239 1739 moenibus
1276 1691 1485 1738 hostem.

122 1773 215 1836 ipsi
252 1773 382 1821 intus
419 1775 588 1822 dextra
624 1789 681 1820 ac
717 1774 855 1820 laeva
890 1788 979 1835 pro
1015 1771 1228 1820 turribus
1264 1779 1426 1819 astant

121 1854 294 1902 armati
331 1856 457 1902 ferro
494 1862 543 1901 et
580 1852 735 1900 cristis
773 1851 934 1915 capita
969 1853 1066 1900 alta
1103 1850 1326 1899 corusci:

122 1937 291 1997 quales
328 1934 487 1982 aeriae
522 1932 761 1996 liquentia
796 1931 1000 1980 flumina
1036 1931 1221 1980 circum

122 2016 223 2064 sive
260 2015 383 2063 Padi
418 2014 533 2077 ripis
572 2012 798 2061 Athesim
835 2029 921 2060 seu
958 2021 1156 2074 propter
1190 2028 1458 2060 amoenum
1715 2020 1794 2060 680

122 2105 424 2160 consurgunt
460 2093 686 2158 geminae
724 2109 933 2155 quercus
969 2092 1266 2154 intonsaque
1302 2093 1440 2140 caelo

120 2180 351 2227 attollunt
387 2177 548 2240 capita
585 2185 633 2224 et
669 2173 869 2223 sublimi
904 2173 1084 2222 vertice
1126 2181 1314 2221 nutant.

120 2259 408 2322 inrumpunt
444 2258 605 2307 aditus
646 2256 821 2305 Rutuli
856 2264 911 2304 ut
947 2254 1114 2303 videre
1149 2253 1375 2317 patentis.

121 2341 358 2389 continuo
397 2341 652 2401 Quercens
690 2347 739 2387 et
774 2338 980 2400 pulcher
1015 2334 1290 2398 Aquiculus
1327 2334 1473 2383 armis

121 2431 170 2471 et
205 2437 438 2485 praeceps
475 2419 627 2468 animi
663 2422 873 2467 Tmarus
913 2427 962 2467 et
1000 2415 1273 2465 Mavortius
1313 2418 1548 2464 Haemon
1710 2423 1788 2476 685

120 2502 397 2565 agminibus
434 2501 549 2550 totis
585 2511 669 2550 aut
705 2501 830 2550 versi
866 2510 1000 2565 terga
1036 2501 1218 2549 dedere

120 2592 205 2630 aut
240 2581 347 2645 ipso
383 2591 553 2645 portae
590 2599 798 2645 posuere
834 2582 884 2630 in
921 2581 1091 2630 limine
1126 2579 1289 2628 vitam.

121 2671 225 2710 tum
264 2662 415 2725 magis
452 2662 732 2712 increscunt
766 2662 943 2711 animis
981 2661 1292 2711 discordibus
1335 2660 1446 2719 irae,

174 2793 367 2842 659-688
387 2791 518 2832 MPR
730 2795 807 2832 661
840 2793 907 2845 ae]
931 2798 975 2832 et
995 2793 1048 2830 M
1174 2794 1254 2842 667
1287 2792 1403 2830 flictu
1424 2790 1468 2829 P
1482 2791 1597 2831 Serv.
1619 2805 1627 2830 :
1659 2792 1787 2831 fluctu

120 2847 165 2898 7¹
184 2862 191 2885 :
223 2848 394 2886 adflictu
416 2846 497 2885 Ra¹
517 2861 525 2885 :
569 2848 729 2886 atssictu
765 2846 819 2885 M
979 2849 1058 2896 674
1090 2847 1239 2897 patriis
1261 2847 1439 2885 iuvenes
1458 2845 1548 2893 P7c
1707 2847 1789 2895 676

120 2902 268 2952 armis]
290 2901 441 2940 animis
461 2902 640 2951 Bentley,
663 2902 797 2953 recipit
815 2901 985 2940 Ribbeck
1151 2902 1232 2950 678
1255 2905 1480 2939 coruscant
1493 2900 1545 2938 M
1706 2902 1788 2950 679

124 2954 318 3004 Liquetia
330 2954 436 3006 7²b²c
457 2956 669 3007 Oblongus
679 2955 947 3005 Fient-Sem,
965 2954 1109 3005 probat
1122 2954 1263 2994 Havet
1372 2956 1453 3003 683
1468 2958 1672 3004 punctum
1690 2954 1791 2992 tollit

120 3008 289 3047 Ribbeck
450 3012 532 3049 686
561 3015 632 3049 aut
647 3009 774 3061 versi]
792 3009 929 3049 aversi
944 3008 1086 3060 ΡῙὙῙα1
1107 3023 1117 3048 :
1141 3015 1183 3048 at
1198 3010 1311 3049 versi
1326 3009 1507 3059 Ribbeck,
1518 3008 1683 3060 plenius
1694 3015 1790 3060 post

121 3064 223 3102 totis
245 3064 491 3115 interpuncto
511 3079 520 3103 :
550 3070 621 3103 aut
641 3078 723 3104 om.
748 3080 775 3102 π
