2046 3380
283 140 333 187 P.
377 139 675 188 VERGILI
716 138 1041 187 MARONIS

282 282 446 340 sudor,
488 290 536 329 et
572 280 747 330 hirsuti
783 288 1046 329 secuerunt
1079 295 1287 342 corpora
1321 295 1507 342 vepres.

281 362 511 411 dulcibus
548 361 734 411 idcirco
771 361 931 410 fluviis
968 377 1121 424 pecus
1157 376 1309 410 omne
1346 358 1565 422 magistri

279 445 599 506 perfundunt,
638 443 851 507 udisque
886 443 1011 492 aries
1047 443 1098 491 in
1133 443 1323 507 gurgite
1357 441 1485 491 villis

280 535 533 585 mersatur,
573 523 853 588 missusque
890 526 1114 574 secundo
1151 523 1325 573 defluit
1360 523 1496 573 amni
1513 541 1528 584 ,-

278 617 364 656 aut
402 617 604 656 tonsum
640 606 764 655 tristi
800 606 1096 670 contingunt
1134 622 1314 668 corpus
1350 621 1552 654 amurca

277 698 325 737 et
364 706 565 752 spumas
602 689 812 738 miscent
847 688 1037 753 argenti
1072 687 1282 751 vivaque
1319 689 1519 750 sulpura

279 772 559 834 Idaeasque
594 770 730 833 pices
767 779 816 819 et
851 769 1047 834 pinguis
1084 769 1303 833 unguine
1339 768 1475 817 ceras

277 851 567 915 scillamque
604 852 950 914 elleborosque
985 850 1142 915 gravis
1179 850 1474 914 nigrumque
1506 848 1747 898 bitumen.

276 951 379 983 non
417 943 584 983 tamen
621 935 720 983 ulla
756 933 910 997 magis
946 949 1179 996 praesens
1215 934 1414 981 fortuna
1448 931 1676 980 laborum
1711 939 1787 980 est

276 1032 428 1079 quam
464 1015 505 1065 si
541 1015 651 1079 quis
688 1018 814 1064 ferro
850 1015 1012 1078 potuit
1047 1013 1328 1063 rescindere
1364 1030 1616 1062 summum

275 1097 452 1148 ulceris
489 1115 577 1148 os:
625 1097 769 1147 alitur
804 1097 979 1147 vitium
1015 1097 1233 1161 vivitque
1270 1098 1499 1160 tegendo,

275 1182 397 1230 dum
435 1180 654 1230 medicas
690 1179 929 1230 adhibere
966 1196 1143 1228 manus
1179 1180 1245 1228 ad
1281 1180 1484 1227 vulnera
1519 1186 1687 1240 pastor

273 1262 487 1325 abnegat
523 1271 572 1310 et
608 1260 812 1310 meliora
847 1262 970 1309 deos
1006 1261 1147 1309 sedet
1184 1258 1352 1309 omnia
1384 1275 1610 1322 poscens.

275 1342 396 1406 quin
434 1342 598 1403 etiam,
637 1342 737 1391 ima
774 1344 917 1391 dolor
954 1342 1211 1390 balantum
1248 1343 1414 1403 lapsus
1450 1342 1516 1389 ad
1552 1356 1665 1389 ossa

273 1441 390 1473 cum
426 1423 540 1473 furit
575 1433 726 1487 atque
762 1432 895 1472 artus
934 1422 1215 1486 depascitur
1251 1422 1389 1471 arida
1423 1421 1586 1481 febris,

272 1506 457 1570 profuit
493 1506 723 1555 incensos
760 1515 925 1555 aestus
964 1514 1182 1554 avertere
1220 1513 1268 1553 et
1304 1503 1431 1552 inter

273 1589 373 1638 ima
408 1588 549 1638 ferire
585 1586 726 1652 pedis
764 1587 1023 1637 salientem
1060 1586 1300 1650 sanguine
1333 1602 1524 1645 venam,

274 1670 489 1720 Bisaltae
526 1687 627 1734 quo
665 1686 802 1718 more
839 1671 1001 1718 solent
1037 1684 1250 1731 acerque
1288 1668 1525 1726 Gelonus,

272 1770 389 1802 cum
424 1752 547 1816 fugit
583 1752 634 1800 in
673 1753 961 1815 Rhodopen
997 1759 1148 1813 atque
1183 1749 1235 1798 in
1272 1750 1466 1798 deserta
1504 1749 1757 1806 Getarum,

272 1844 320 1884 et
358 1837 433 1883 lac
470 1843 759 1883 concretum
796 1851 911 1882 cum
949 1831 1188 1896 sanguine
1225 1840 1364 1895 potat
1401 1829 1599 1894 equino.

272 1933 423 1980 quam
459 1918 632 1980 procul
668 1924 753 1964 aut
790 1914 929 1964 molli
965 1915 1233 1963 succedere
1269 1911 1465 1974 saepius
1503 1910 1710 1959 umbrae

270 1996 449 2046 videris
486 2006 571 2045 aut
607 2013 826 2045 summas
864 2004 1149 2058 carpentem
1185 1992 1406 2057 ignavius
1444 1991 1621 2040 herbas

271 2088 640 2141 extremamque
677 2077 831 2140 sequi,
870 2086 956 2125 aut
992 2075 1160 2125 medio
1197 2074 1525 2138 procumbere
1563 2088 1743 2135 campo

271 2171 558 2225 pascentem
595 2170 644 2209 et
681 2177 817 2209 serae
855 2161 1012 2208 solam
1050 2159 1293 2207 decedere
1331 2155 1499 2206 nocti:

269 2242 508 2291 continuo
547 2244 744 2304 culpam
781 2243 908 2289 ferro
949 2255 1213 2302 compesce
1250 2237 1539 2301 priusquam

268 2324 374 2373 dira
409 2340 495 2387 per
531 2324 786 2372 incautum
825 2332 1022 2386 serpant
1061 2322 1290 2386 contagia
1325 2323 1512 2385 vulgus.

267 2421 371 2453 non
396 2414 497 2453 tam
523 2405 693 2453 creber
716 2421 868 2467 agens
897 2404 1114 2453 hiemem
1142 2403 1237 2452 ruit
1262 2419 1479 2465 aequore
1505 2401 1650 2449 turbo

268 2504 418 2550 quam
456 2488 640 2535 multae
676 2488 929 2549 pecudum
968 2495 1144 2549 pestes.
1205 2502 1299 2534 nec
1336 2484 1527 2547 singula
1562 2479 1724 2530 morbi

267 2585 474 2632 corpora
510 2568 793 2631 corripiunt,
834 2570 926 2629 sed,
960 2578 1064 2618 tota
1099 2567 1284 2617 aestiva
1319 2574 1533 2630 repente,

1876 380 1957 421 445

1872 789 1956 830 450

1870 1196 1950 1238 455

1864 1998 1944 2051 465

321 2713 511 2750 444—472
534 2700 664 2739 MPR
915 2714 994 2750 444
1025 2701 1198 2738 hirsutis
1220 2698 1311 2735 MR
1459 2708 1540 2745 449
1568 2695 1750 2743 vivaque
1770 2692 1944 2743 sulpura

265 2754 305 2792 b²
329 2755 534 2794 deten'ores
562 2756 747 2806 quidam,
785 2756 1017 2795 Macrobius
1047 2753 1214 2792 Marius
1239 2752 1467 2791 Victorinus
1499 2750 1592 2799 (qui
1615 2749 1738 2788 etiam
1767 2748 1942 2797 interpo-

266 2810 456 2849 lationem
471 2824 506 2850 e.
525 2824 557 2851 s.
579 2825 618 2850 v.
633 2812 831 2862 agnoscit}
848 2811 962 2850 Serv.
978 2808 1099 2848 schol.
1116 2808 1239 2846 Bern.
1259 2821 1267 2844 :
1291 2813 1333 2845 et
1346 2806 1519 2855 sulpura
1534 2804 1630 2842 viva
1644 2802 1763 2851 ceteri,
1780 2801 1945 2839 editores

261 2864 438 2915 plerique
548 2878 628 2915 452
658 2864 874 2915 laborum]
898 2865 1101 2903 malorum
1121 2862 1239 2902 schol.
1264 2861 1387 2900 Bern.
1556 2859 1638 2907 456
1667 2861 1740 2894 aut
1760 2853 1947 2906 MR7¹bc

266 2919 407 2958 omina
429 2921 669 2960 cdeterzbres
700 2919 885 2970 quidam,
929 2919 1112 2969 Wagner
1273 2917 1354 2965 462
1383 2914 1530 2964 atque]
1553 2918 1626 2951 aut
1860 2911 1941 2958 465

265 2973 358 3024 aut]
393 2981 434 3013 et
465 2974 535 3012 Ml
678 2973 892 3025 ignavius]
917 2973 1091 3024 segnius
1122 2971 1165 3010 R
1288 2971 1369 3019 466
1399 2966 1680 3008 concumbere
1711 2964 1754 3003 P
1860 2964 1942 3015 469

265 3035 442 3079 serpunt
468 3029 511 3067 P
675 3043 758 3079 470
786 3041 973 3078 aequora
994 3026 1083 3079 R7¹
