<?xml version="1.0" encoding="UTF-8"?>
<!DOCTYPE html PUBLIC "-//W3C//DTD XHTML 1.0 Transitional//EN"
    "http://www.w3.org/TR/xhtml1/DTD/xhtml1-transitional.dtd">
<html xmlns="http://www.w3.org/1999/xhtml" xml:lang="en" lang="en">
 <head>
  <title>
</title>
<meta http-equiv="Content-Type" content="text/html;charset=utf-8" />
  <meta name='ocr-system' content='tesseract 3.04.00' />
  <meta name='ocr-capabilities' content='ocr_page ocr_carea ocr_par ocr_line ocrx_word'/>
</head>
<body>
  <div class='ocr_page' id='page_1' title='image "./operarecognovitb00virguoft_0446.png"; bbox 0 0 2014 3372; ppageno 0'>
   <div class='ocr_carea' id='block_1_1' title="bbox 180 140 936 190">
    <p class='ocr_par' dir='ltr' id='par_1_1' title="bbox 180 140 936 190">
     <span class='ocr_line' id='line_1_1' title="bbox 180 140 936 190; baseline 0.003 -3"><span class='ocrx_word' id='word_1_1' title='bbox 180 140 232 188; x_wconf 86' lang='lat' dir='ltr'>P..</span> <span class='ocrx_word' id='word_1_2' title='bbox 272 140 570 189; x_wconf 88' lang='lat' dir='ltr'>VERGILI</span> <span class='ocrx_word' id='word_1_3' title='bbox 611 140 936 190; x_wconf 90' lang='lat' dir='ltr'><strong>MARONIS</strong></span> 
     </span>
    </p>
   </div>
   <div class='ocr_carea' id='block_1_2' title="bbox 175 279 1884 2634">
    <p class='ocr_par' dir='ltr' id='par_1_2' title="bbox 177 279 1884 345">
     <span class='ocr_line' id='line_1_2' title="bbox 177 279 1884 345; baseline 0.004 -19"><span class='ocrx_word' id='word_1_4' title='bbox 177 287 463 328; x_wconf 91' lang='lat' dir='ltr'>convertere</span> <span class='ocrx_word' id='word_1_5' title='bbox 500 281 671 329; x_wconf 91' lang='lat' dir='ltr'>oculos</span> <span class='ocrx_word' id='word_1_6' title='bbox 710 279 835 340; x_wconf 86' lang='lat' dir='ltr'>Itali,</span> <span class='ocrx_word' id='word_1_7' title='bbox 877 279 1062 344; x_wconf 90' lang='lat' dir='ltr'>quique</span> <span class='ocrx_word' id='word_1_8' title='bbox 1098 283 1197 331; x_wconf 91' lang='lat' dir='ltr'>alta</span> <span class='ocrx_word' id='word_1_9' title='bbox 1233 283 1470 332; x_wconf 88' lang='lat' dir='ltr'>tenebant</span> <span class='ocrx_word' id='word_1_10' title='bbox 1770 300 1846 345; x_wconf 84' lang='lat'>705</span> <span class='ocrx_word' id='word_1_11' title='bbox 1882 330 1884 332; x_wconf 77' lang='lat'><em>.</em></span> 
     </span>
    </p>

    <p class='ocr_par' dir='ltr' id='par_1_3' title="bbox 178 358 1468 424">
     <span class='ocr_line' id='line_1_3' title="bbox 178 358 1468 424; baseline 0.005 -17"><span class='ocrx_word' id='word_1_12' title='bbox 178 358 377 408; x_wconf 90' lang='lat' dir='ltr'>moenia</span> <span class='ocrx_word' id='word_1_13' title='bbox 413 359 598 424; x_wconf 92' lang='lat' dir='ltr'>quique</span> <span class='ocrx_word' id='word_1_14' title='bbox 636 359 762 410; x_wconf 90' lang='lat' dir='ltr'>imos</span> <span class='ocrx_word' id='word_1_15' title='bbox 800 362 1065 424; x_wconf 84' lang='lat' dir='ltr'>pulsabant</span> <span class='ocrx_word' id='word_1_16' title='bbox 1101 362 1251 412; x_wconf 88' lang='lat' dir='ltr'>ariete</span> <span class='ocrx_word' id='word_1_17' title='bbox 1288 381 1468 423; x_wconf 74' lang='lat' dir='ltr'>mur08‚</span> 
     </span>
    </p>

    <p class='ocr_par' dir='ltr' id='par_1_4' title="bbox 176 442 1576 506">
     <span class='ocr_line' id='line_1_4' title="bbox 176 442 1576 506; baseline 0.004 -17"><span class='ocrx_word' id='word_1_18' title='bbox 176 457 411 504; x_wconf 90' lang='lat' dir='ltr'>armaque</span> <span class='ocrx_word' id='word_1_19' title='bbox 447 442 723 504; x_wconf 80' lang='lat' dir='ltr'>deposuere</span> <span class='ocrx_word' id='word_1_20' title='bbox 759 442 953 491; x_wconf 91' lang='lat' dir='ltr'>umeris.</span> <span class='ocrx_word' id='word_1_21' title='bbox 1028 452 1192 506; x_wconf 89' lang='lat' dir='ltr'>stupet</span> <span class='ocrx_word' id='word_1_22' title='bbox 1228 443 1333 506; x_wconf 91' lang='lat' dir='ltr'>ipse</span> <span class='ocrx_word' id='word_1_23' title='bbox 1371 443 1576 494; x_wconf 84' lang='lat' dir='ltr'>Latinus</span> 
     </span>
    </p>

    <p class='ocr_par' dir='ltr' id='par_1_5' title="bbox 176 522 1315 587">
     <span class='ocr_line' id='line_1_5' title="bbox 176 522 1315 587; baseline 0.003 -16"><span class='ocrx_word' id='word_1_24' title='bbox 176 522 403 587; x_wconf 89' lang='lat' dir='ltr'>ingentis,</span> <span class='ocrx_word' id='word_1_25' title='bbox 441 523 634 586; x_wconf 88' lang='lat' dir='ltr'>genitos</span> <span class='ocrx_word' id='word_1_26' title='bbox 671 523 873 572; x_wconf 88' lang='lat' dir='ltr'>diversis</span> <span class='ocrx_word' id='word_1_27' title='bbox 910 524 1131 587; x_wconf 91' lang='lat' dir='ltr'>partibus</span> <span class='ocrx_word' id='word_1_28' title='bbox 1169 525 1315 585; x_wconf 92' lang='lat' dir='ltr'>orbis,</span> 
     </span>
    </p>

    <p class='ocr_par' dir='ltr' id='par_1_6' title="bbox 176 604 1265 655">
     <span class='ocr_line' id='line_1_6' title="bbox 176 604 1265 655; baseline 0.003 -3"><span class='ocrx_word' id='word_1_29' title='bbox 176 605 302 653; x_wconf 89' lang='lat' dir='ltr'>inter</span> <span class='ocrx_word' id='word_1_30' title='bbox 339 621 391 653; x_wconf 91' lang='lat' dir='ltr'>se</span> <span class='ocrx_word' id='word_1_31' title='bbox 428 604 604 654; x_wconf 89' lang='lat' dir='ltr'>coiisse</span> <span class='ocrx_word' id='word_1_32' title='bbox 639 604 768 654; x_wconf 88' lang='lat' dir='ltr'>viros</span> <span class='ocrx_word' id='word_1_33' title='bbox 806 615 854 654; x_wconf 94' lang='lat' dir='ltr'>et</span> <span class='ocrx_word' id='word_1_34' title='bbox 890 623 1089 655; x_wconf 91' lang='lat' dir='ltr'>cernere</span> <span class='ocrx_word' id='word_1_35' title='bbox 1126 608 1265 655; x_wconf 88' lang='lat' dir='ltr'>ferro.</span> 
     </span>
    </p>

    <p class='ocr_par' dir='ltr' id='par_1_7' title="bbox 175 685 1851 753">
     <span class='ocr_line' id='line_1_7' title="bbox 175 685 1851 753; baseline 0.002 -19"><span class='ocrx_word' id='word_1_36' title='bbox 175 695 325 750; x_wconf 90' lang='lat' dir='ltr'>atque</span> <span class='ocrx_word' id='word_1_37' title='bbox 362 685 444 746; x_wconf 89' lang='lat' dir='ltr'>illi,</span> <span class='ocrx_word' id='word_1_38' title='bbox 483 695 537 735; x_wconf 95' lang='lat' dir='ltr'>ut</span> <span class='ocrx_word' id='word_1_39' title='bbox 572 703 730 736; x_wconf 89' lang='lat' dir='ltr'>vacuo</span> <span class='ocrx_word' id='word_1_40' title='bbox 766 697 1031 751; x_wconf 89' lang='lat' dir='ltr'>patuerunt</span> <span class='ocrx_word' id='word_1_41' title='bbox 1066 705 1281 752; x_wconf 89' lang='lat' dir='ltr'>aequore</span> <span class='ocrx_word' id='word_1_42' title='bbox 1317 688 1495 753; x_wconf 88' lang='lat' dir='ltr'>campi,</span> <span class='ocrx_word' id='word_1_43' title='bbox 1773 707 1851 751; x_wconf 87' lang='lat'>710</span> 
     </span>
    </p>

    <p class='ocr_par' dir='ltr' id='par_1_8' title="bbox 176 767 1319 837">
     <span class='ocr_line' id='line_1_8' title="bbox 176 767 1319 837; baseline 0.002 -21"><span class='ocrx_word' id='word_1_44' title='bbox 176 784 414 831; x_wconf 91' lang='lat' dir='ltr'>procursu</span> <span class='ocrx_word' id='word_1_45' title='bbox 450 767 624 837; x_wconf 87' lang='lat' dir='ltr'>rapido</span> <span class='ocrx_word' id='word_1_46' title='bbox 662 768 898 817; x_wconf 88' lang='lat' dir='ltr'>coniectis</span> <span class='ocrx_word' id='word_1_47' title='bbox 937 769 1130 818; x_wconf 89' lang='lat' dir='ltr'>eminus</span> <span class='ocrx_word' id='word_1_48' title='bbox 1167 769 1319 818; x_wconf 89' lang='lat' dir='ltr'>hastis</span> 
     </span>
    </p>

    <p class='ocr_par' dir='ltr' id='par_1_9' title="bbox 176 849 1443 913">
     <span class='ocr_line' id='line_1_9' title="bbox 176 849 1443 913; baseline 0.002 -17"><span class='ocrx_word' id='word_1_49' title='bbox 176 849 418 898; x_wconf 88' lang='lat' dir='ltr'>invadunt</span> <span class='ocrx_word' id='word_1_50' title='bbox 457 851 671 898; x_wconf 87' lang='lat' dir='ltr'>Martem</span> <span class='ocrx_word' id='word_1_51' title='bbox 710 849 880 913; x_wconf 87' lang='lat' dir='ltr'>clipeis</span> <span class='ocrx_word' id='word_1_52' title='bbox 916 859 1066 913; x_wconf 90' lang='lat' dir='ltr'>atque</span> <span class='ocrx_word' id='word_1_53' title='bbox 1101 867 1212 899; x_wconf 89' lang='lat' dir='ltr'>aere</span> <span class='ocrx_word' id='word_1_54' title='bbox 1249 867 1443 900; x_wconf 87' lang='lat' dir='ltr'>sonoro.</span> 
     </span>
    </p>

    <p class='ocr_par' dir='ltr' id='par_1_10' title="bbox 177 931 1544 994">
     <span class='ocr_line' id='line_1_10' title="bbox 177 931 1544 994; baseline 0.001 -15"><span class='ocrx_word' id='word_1_55' title='bbox 177 933 261 980; x_wconf 90' lang='lat' dir='ltr'>dat</span> <span class='ocrx_word' id='word_1_56' title='bbox 297 931 536 994; x_wconf 87' lang='lat' dir='ltr'>gemitum</span> <span class='ocrx_word' id='word_1_57' title='bbox 573 933 749 992; x_wconf 73' lang='lat' dir='ltr'>tellus,</span> <span class='ocrx_word' id='word_1_58' title='bbox 802 942 908 981; x_wconf 93' lang='lat' dir='ltr'>tum</span> <span class='ocrx_word' id='word_1_59' title='bbox 946 933 1143 981; x_wconf 92' lang='lat' dir='ltr'>crebros</span> <span class='ocrx_word' id='word_1_60' title='bbox 1181 932 1382 981; x_wconf 90' lang='lat' dir='ltr'>ensibus</span> <span class='ocrx_word' id='word_1_61' title='bbox 1419 932 1544 982; x_wconf 91' lang='lat' dir='ltr'>ictus</span> 
     </span>
    </p>

    <p class='ocr_par' dir='ltr' id='par_1_11' title="bbox 177 1011 1548 1075">
     <span class='ocr_line' id='line_1_11' title="bbox 177 1011 1548 1075; baseline 0.001 -14"><span class='ocrx_word' id='word_1_62' title='bbox 177 1011 542 1075; x_wconf 85' lang='lat' dir='ltr'>congeminant,</span> <span class='ocrx_word' id='word_1_63' title='bbox 581 1014 679 1061; x_wconf 92' lang='lat' dir='ltr'>fors</span> <span class='ocrx_word' id='word_1_64' title='bbox 716 1022 764 1062; x_wconf 91' lang='lat' dir='ltr'>et</span> <span class='ocrx_word' id='word_1_65' title='bbox 800 1013 950 1062; x_wconf 87' lang='lat' dir='ltr'>virtus</span> <span class='ocrx_word' id='word_1_66' title='bbox 988 1013 1256 1063; x_wconf 86' lang='lat' dir='ltr'>miscentur</span> <span class='ocrx_word' id='word_1_67' title='bbox 1291 1013 1342 1062; x_wconf 89' lang='lat' dir='ltr'>in</span> <span class='ocrx_word' id='word_1_68' title='bbox 1379 1031 1548 1063; x_wconf 92' lang='lat' dir='ltr'>unum.</span> 
     </span>
    </p>

    <p class='ocr_par' dir='ltr' id='par_1_12' title="bbox 175 1094 1850 1160">
     <span class='ocr_line' id='line_1_12' title="bbox 175 1094 1850 1160; baseline 0.001 -17"><span class='ocrx_word' id='word_1_69' title='bbox 175 1112 233 1143; x_wconf 91' lang='lat' dir='ltr'>ac</span> <span class='ocrx_word' id='word_1_70' title='bbox 269 1096 403 1144; x_wconf 89' lang='lat' dir='ltr'>velut</span> <span class='ocrx_word' id='word_1_71' title='bbox 438 1094 626 1160; x_wconf 86' lang='lat' dir='ltr'>ingenti</span> <span class='ocrx_word' id='word_1_72' title='bbox 663 1095 763 1144; x_wconf 91' lang='lat' dir='ltr'>Sila</span> <span class='ocrx_word' id='word_1_73' title='bbox 799 1112 1058 1145; x_wconf 90' lang='lat' dir='ltr'>summove</span> <span class='ocrx_word' id='word_1_74' title='bbox 1094 1097 1331 1145; x_wconf 85' lang='lat' dir='ltr'>Taburno</span> <span class='ocrx_word' id='word_1_75' title='bbox 1773 1113 1850 1158; x_wconf 83' lang='lat'>715</span> 
     </span>
    </p>

    <p class='ocr_par' dir='ltr' id='par_1_13' title="bbox 177 1177 1422 1241">
     <span class='ocr_line' id='line_1_13' title="bbox 177 1177 1422 1241; baseline 0.001 -16"><span class='ocrx_word' id='word_1_76' title='bbox 177 1194 291 1226; x_wconf 89' lang='lat' dir='ltr'>curn</span> <span class='ocrx_word' id='word_1_77' title='bbox 328 1178 430 1226; x_wconf 93' lang='lat' dir='ltr'>duo</span> <span class='ocrx_word' id='word_1_78' title='bbox 467 1177 715 1226; x_wconf 89' lang='lat' dir='ltr'>conversis</span> <span class='ocrx_word' id='word_1_79' title='bbox 752 1177 954 1227; x_wconf 89' lang='lat' dir='ltr'>inimica</span> <span class='ocrx_word' id='word_1_80' title='bbox 989 1177 1039 1226; x_wconf 89' lang='lat' dir='ltr'>in</span> <span class='ocrx_word' id='word_1_81' title='bbox 1075 1177 1261 1241; x_wconf 91' lang='lat' dir='ltr'>proelia</span> <span class='ocrx_word' id='word_1_82' title='bbox 1298 1178 1422 1226; x_wconf 91' lang='lat' dir='ltr'>tauri</span> 
     </span>
    </p>

    <p class='ocr_par' dir='ltr' id='par_1_14' title="bbox 176 1259 1424 1324">
     <span class='ocr_line' id='line_1_14' title="bbox 176 1259 1424 1324; baseline 0 -16"><span class='ocrx_word' id='word_1_83' title='bbox 176 1259 419 1309; x_wconf 84' lang='lat' dir='ltr'>frontibus</span> <span class='ocrx_word' id='word_1_84' title='bbox 456 1259 724 1320; x_wconf 92' lang='lat' dir='ltr'>incurrunt,</span> <span class='ocrx_word' id='word_1_85' title='bbox 765 1259 931 1324; x_wconf 89' lang='lat' dir='ltr'>pavidi</span> <span class='ocrx_word' id='word_1_86' title='bbox 968 1277 1157 1310; x_wconf 88' lang='lat' dir='ltr'>cessere</span> <span class='ocrx_word' id='word_1_87' title='bbox 1194 1259 1424 1324; x_wconf 84' lang='lat' dir='ltr'>magistri,</span> 
     </span>
    </p>

    <p class='ocr_par' dir='ltr' id='par_1_15' title="bbox 177 1342 1702 1406">
     <span class='ocr_line' id='line_1_15' title="bbox 177 1342 1702 1406; baseline 0.001 -15"><span class='ocrx_word' id='word_1_88' title='bbox 177 1352 272 1391; x_wconf 90' lang='lat' dir='ltr'>stat</span> <span class='ocrx_word' id='word_1_89' title='bbox 307 1359 459 1406; x_wconf 89' lang='lat' dir='ltr'>pecus</span> <span class='ocrx_word' id='word_1_90' title='bbox 496 1359 647 1392; x_wconf 90' lang='lat' dir='ltr'>omne</span> <span class='ocrx_word' id='word_1_91' title='bbox 684 1352 819 1392; x_wconf 90' lang='lat' dir='ltr'>metu</span> <span class='ocrx_word' id='word_1_92' title='bbox 857 1353 1066 1403; x_wconf 89' lang='lat' dir='ltr'>mutum,</span> <span class='ocrx_word' id='word_1_93' title='bbox 1105 1352 1427 1406; x_wconf 88' lang='lat' dir='ltr'>mussantque</span> <span class='ocrx_word' id='word_1_94' title='bbox 1464 1342 1702 1392; x_wconf 87' lang='lat' dir='ltr'>iuvencae</span> 
     </span>
    </p>

    <p class='ocr_par' dir='ltr' id='par_1_16' title="bbox 177 1424 1736 1489">
     <span class='ocr_line' id='line_1_16' title="bbox 177 1424 1736 1489; baseline 0 -15"><span class='ocrx_word' id='word_1_95' title='bbox 177 1425 286 1489; x_wconf 90' lang='lat' dir='ltr'>quis</span> <span class='ocrx_word' id='word_1_96' title='bbox 323 1424 515 1474; x_wconf 89' lang='lat' dir='ltr'>nemori</span> <span class='ocrx_word' id='word_1_97' title='bbox 550 1424 810 1488; x_wconf 89' lang='lat' dir='ltr'>imperitet,</span> <span class='ocrx_word' id='word_1_98' title='bbox 851 1441 1000 1488; x_wconf 91' lang='lat' dir='ltr'>quem</span> <span class='ocrx_word' id='word_1_99' title='bbox 1038 1434 1142 1474; x_wconf 92' lang='lat' dir='ltr'>tota</span> <span class='ocrx_word' id='word_1_100' title='bbox 1176 1434 1399 1473; x_wconf 89' lang='lat' dir='ltr'>armenta</span> <span class='ocrx_word' id='word_1_101' title='bbox 1435 1434 1704 1487; x_wconf 88' lang='lat' dir='ltr'>sequantur</span> <span class='ocrx_word' id='word_1_102' title='bbox 1722 1442 1736 1485; x_wconf 79' lang='lat'><em>3</em></span> 
     </span>
    </p>

    <p class='ocr_par' dir='ltr' id='par_1_17' title="bbox 177 1505 1882 1566">
     <span class='ocr_line' id='line_1_17' title="bbox 177 1505 1882 1566; baseline -0.001 -12"><span class='ocrx_word' id='word_1_103' title='bbox 177 1506 245 1554; x_wconf 91' lang='lat' dir='ltr'>illi</span> <span class='ocrx_word' id='word_1_104' title='bbox 281 1506 407 1555; x_wconf 90' lang='lat' dir='ltr'>inter</span> <span class='ocrx_word' id='word_1_105' title='bbox 443 1523 551 1555; x_wconf 89' lang='lat' dir='ltr'>sese</span> <span class='ocrx_word' id='word_1_106' title='bbox 588 1508 743 1555; x_wconf 91' lang='lat' dir='ltr'>multa</span> <span class='ocrx_word' id='word_1_107' title='bbox 778 1506 826 1554; x_wconf 91' lang='lat' dir='ltr'>vi</span> <span class='ocrx_word' id='word_1_108' title='bbox 862 1508 1064 1555; x_wconf 89' lang='lat' dir='ltr'>vulnera</span> <span class='ocrx_word' id='word_1_109' title='bbox 1100 1505 1310 1555; x_wconf 89' lang='lat' dir='ltr'>miscent</span> <span class='ocrx_word' id='word_1_110' title='bbox 1773 1525 1882 1566; x_wconf 52' lang='lat'>7²0*</span> 
     </span>
    </p>

    <p class='ocr_par' dir='ltr' id='par_1_18' title="bbox 177 1586 1444 1651">
     <span class='ocr_line' id='line_1_18' title="bbox 177 1586 1444 1651; baseline -0.001 -14"><span class='ocrx_word' id='word_1_111' title='bbox 177 1605 461 1651; x_wconf 90' lang='lat' dir='ltr'>cornuaque</span> <span class='ocrx_word' id='word_1_112' title='bbox 497 1586 667 1637; x_wconf 86' lang='lat' dir='ltr'>obnixi</span> <span class='ocrx_word' id='word_1_113' title='bbox 703 1587 914 1651; x_wconf 88' lang='lat' dir='ltr'>infigunt</span> <span class='ocrx_word' id='word_1_114' title='bbox 950 1597 998 1636; x_wconf 90' lang='lat' dir='ltr'>et</span> <span class='ocrx_word' id='word_1_115' title='bbox 1036 1586 1273 1651; x_wconf 91' lang='lat' dir='ltr'>sanguine</span> <span class='ocrx_word' id='word_1_116' title='bbox 1310 1588 1444 1649; x_wconf 91' lang='lat' dir='ltr'>largo</span> 
     </span>
    </p>

    <p class='ocr_par' dir='ltr' id='par_1_19' title="bbox 177 1667 1716 1732">
     <span class='ocr_line' id='line_1_19' title="bbox 177 1667 1716 1732; baseline -0.001 -14"><span class='ocrx_word' id='word_1_117' title='bbox 177 1671 303 1729; x_wconf 83' lang='lat' dir='ltr'>colla</span> <span class='ocrx_word' id='word_1_118' title='bbox 338 1686 602 1732; x_wconf 88' lang='lat' dir='ltr'>armosque</span> <span class='ocrx_word' id='word_1_119' title='bbox 640 1670 816 1728; x_wconf 90' lang='lat' dir='ltr'>lavant,</span> <span class='ocrx_word' id='word_1_120' title='bbox 857 1667 1043 1732; x_wconf 90' lang='lat' dir='ltr'>gemitu</span> <span class='ocrx_word' id='word_1_121' title='bbox 1080 1685 1255 1717; x_wconf 89' lang='lat' dir='ltr'>nemus</span> <span class='ocrx_word' id='word_1_122' title='bbox 1292 1684 1442 1717; x_wconf 91' lang='lat' dir='ltr'>omne</span> <span class='ocrx_word' id='word_1_123' title='bbox 1478 1667 1716 1731; x_wconf 89' lang='lat' dir='ltr'>remugit:</span> 
     </span>
    </p>

    <p class='ocr_par' dir='ltr' id='par_1_20' title="bbox 177 1749 1380 1800">
     <span class='ocr_line' id='line_1_20' title="bbox 177 1749 1380 1800; baseline -0.001 -1"><span class='ocrx_word' id='word_1_124' title='bbox 177 1768 278 1800; x_wconf 90' lang='lat' dir='ltr'>non</span> <span class='ocrx_word' id='word_1_125' title='bbox 314 1750 453 1800; x_wconf 89' lang='lat' dir='ltr'>aliter</span> <span class='ocrx_word' id='word_1_126' title='bbox 488 1753 614 1800; x_wconf 90' lang='lat' dir='ltr'>Tros</span> <span class='ocrx_word' id='word_1_127' title='bbox 651 1753 848 1799; x_wconf 91' lang='lat' dir='ltr'>Aeneas</span> <span class='ocrx_word' id='word_1_128' title='bbox 885 1760 934 1799; x_wconf 90' lang='lat' dir='ltr'>et</span> <span class='ocrx_word' id='word_1_129' title='bbox 972 1749 1198 1798; x_wconf 91' lang='lat' dir='ltr'>Daunius</span> <span class='ocrx_word' id='word_1_130' title='bbox 1235 1751 1380 1798; x_wconf 90' lang='lat' dir='ltr'>heros</span> 
     </span>
    </p>

    <p class='ocr_par' dir='ltr' id='par_1_21' title="bbox 178 1831 1609 1895">
     <span class='ocr_line' id='line_1_21' title="bbox 178 1831 1609 1895; baseline -0.002 -14"><span class='ocrx_word' id='word_1_131' title='bbox 178 1841 477 1881; x_wconf 89' lang='lat' dir='ltr'>concurrunt</span> <span class='ocrx_word' id='word_1_132' title='bbox 513 1831 696 1895; x_wconf 85' lang='lat' dir='ltr'>clipeis,</span> <span class='ocrx_word' id='word_1_133' title='bbox 737 1831 911 1894; x_wconf 90' lang='lat' dir='ltr'>ingens</span> <span class='ocrx_word' id='word_1_134' title='bbox 948 1833 1108 1895; x_wconf 91' lang='lat' dir='ltr'>fragor</span> <span class='ocrx_word' id='word_1_135' title='bbox 1144 1832 1343 1880; x_wconf 89' lang='lat' dir='ltr'>aethera</span> <span class='ocrx_word' id='word_1_136' title='bbox 1379 1832 1609 1893; x_wconf 89' lang='lat' dir='ltr'>complet.</span> 
     </span>
    </p>

    <p class='ocr_par' dir='ltr' id='par_1_22' title="bbox 178 1913 1877 1977">
     <span class='ocr_line' id='line_1_22' title="bbox 178 1913 1877 1977; baseline -0.001 -15"><span class='ocrx_word' id='word_1_137' title='bbox 178 1913 400 1977; x_wconf 89' lang='lat' dir='ltr'>Iuppiter</span> <span class='ocrx_word' id='word_1_138' title='bbox 435 1913 540 1976; x_wconf 92' lang='lat' dir='ltr'>ipse</span> <span class='ocrx_word' id='word_1_139' title='bbox 576 1914 700 1962; x_wconf 90' lang='lat' dir='ltr'>duas</span> <span class='ocrx_word' id='word_1_140' title='bbox 736 1922 950 1976; x_wconf 90' lang='lat' dir='ltr'>aequato</span> <span class='ocrx_word' id='word_1_141' title='bbox 988 1913 1212 1961; x_wconf 87' lang='lat' dir='ltr'>examine</span> <span class='ocrx_word' id='word_1_142' title='bbox 1250 1915 1415 1961; x_wconf 90' lang='lat' dir='ltr'>lances</span> <span class='ocrx_word' id='word_1_143' title='bbox 1774 1931 1877 1973; x_wconf 83' lang='lat'><strong>725·</strong></span> 
     </span>
    </p>

    <p class='ocr_par' dir='ltr' id='par_1_23' title="bbox 177 1994 1346 2058">
     <span class='ocr_line' id='line_1_23' title="bbox 177 1994 1346 2058; baseline -0.002 -14"><span class='ocrx_word' id='word_1_144' title='bbox 177 1994 385 2044; x_wconf 89' lang='lat' dir='ltr'>sustinet</span> <span class='ocrx_word' id='word_1_145' title='bbox 421 2003 469 2042; x_wconf 91' lang='lat' dir='ltr'>et</span> <span class='ocrx_word' id='word_1_146' title='bbox 504 1996 604 2042; x_wconf 90' lang='lat' dir='ltr'>fata</span> <span class='ocrx_word' id='word_1_147' title='bbox 639 1994 850 2058; x_wconf 88' lang='lat' dir='ltr'>imponit</span> <span class='ocrx_word' id='word_1_148' title='bbox 888 1994 1078 2044; x_wconf 91' lang='lat' dir='ltr'>diversa</span> <span class='ocrx_word' id='word_1_149' title='bbox 1119 1997 1346 2053; x_wconf 92' lang='lat' dir='ltr'>duorum,</span> 
     </span>
    </p>

    <p class='ocr_par' dir='ltr' id='par_1_24' title="bbox 178 2077 1628 2223">
     <span class='ocr_line' id='line_1_24' title="bbox 178 2077 1628 2141; baseline -0.002 -15"><span class='ocrx_word' id='word_1_150' title='bbox 178 2095 327 2141; x_wconf 91' lang='lat' dir='ltr'>quem</span> <span class='ocrx_word' id='word_1_151' title='bbox 365 2079 569 2126; x_wconf 89' lang='lat' dir='ltr'>damnet</span> <span class='ocrx_word' id='word_1_152' title='bbox 605 2077 745 2125; x_wconf 93' lang='lat' dir='ltr'>labor</span> <span class='ocrx_word' id='word_1_153' title='bbox 781 2087 828 2126; x_wconf 93' lang='lat' dir='ltr'>et</span> <span class='ocrx_word' id='word_1_154' title='bbox 865 2095 965 2140; x_wconf 93' lang='lat' dir='ltr'>quo</span> <span class='ocrx_word' id='word_1_155' title='bbox 1002 2087 1167 2141; x_wconf 90' lang='lat' dir='ltr'>vergat</span> <span class='ocrx_word' id='word_1_156' title='bbox 1205 2078 1426 2140; x_wconf 89' lang='lat' dir='ltr'>pondere</span> <span class='ocrx_word' id='word_1_157' title='bbox 1463 2077 1628 2124; x_wconf 90' lang='lat' dir='ltr'>letum.</span> 
     </span>
     <span class='ocr_line' id='line_1_25' title="bbox 235 2154 1483 2223; baseline -0.002 -15"><span class='ocrx_word' id='word_1_158' title='bbox 235 2154 441 2208; x_wconf 48' lang='lat' dir='ltr'>&#39;Emicat</span> <span class='ocrx_word' id='word_1_159' title='bbox 478 2159 558 2208; x_wconf 91' lang='lat' dir='ltr'>hic</span> <span class='ocrx_word' id='word_1_160' title='bbox 594 2159 798 2222; x_wconf 91' lang='lat' dir='ltr'>impune</span> <span class='ocrx_word' id='word_1_161' title='bbox 835 2169 1013 2223; x_wconf 90' lang='lat' dir='ltr'>putans</span> <span class='ocrx_word' id='word_1_162' title='bbox 1051 2170 1099 2209; x_wconf 91' lang='lat' dir='ltr'>et</span> <span class='ocrx_word' id='word_1_163' title='bbox 1136 2177 1340 2223; x_wconf 91' lang='lat' dir='ltr'>corpore</span> <span class='ocrx_word' id='word_1_164' title='bbox 1377 2168 1483 2207; x_wconf 89' lang='lat' dir='ltr'>toto</span> 
     </span>
    </p>

    <p class='ocr_par' dir='ltr' id='par_1_25' title="bbox 176 2241 1375 2305">
     <span class='ocr_line' id='line_1_26' title="bbox 176 2241 1375 2305; baseline -0.003 -14"><span class='ocrx_word' id='word_1_165' title='bbox 176 2245 273 2291; x_wconf 92' lang='lat' dir='ltr'>alte</span> <span class='ocrx_word' id='word_1_166' title='bbox 310 2242 559 2290; x_wconf 88' lang='lat' dir='ltr'>sublatum</span> <span class='ocrx_word' id='word_1_167' title='bbox 596 2241 845 2305; x_wconf 90' lang='lat' dir='ltr'>consurgit</span> <span class='ocrx_word' id='word_1_168' title='bbox 882 2244 1079 2290; x_wconf 90' lang='lat' dir='ltr'>Turnus</span> <span class='ocrx_word' id='word_1_169' title='bbox 1118 2241 1168 2289; x_wconf 91' lang='lat' dir='ltr'>in</span> <span class='ocrx_word' id='word_1_170' title='bbox 1205 2257 1375 2289; x_wconf 89' lang='lat' dir='ltr'>ensem</span> 
     </span>
    </p>

    <p class='ocr_par' dir='ltr' id='par_1_26' title="bbox 177 2320 1852 2386">
     <span class='ocr_line' id='line_1_27' title="bbox 177 2320 1852 2386; baseline -0.004 -13"><span class='ocrx_word' id='word_1_171' title='bbox 177 2334 224 2373; x_wconf 89' lang='lat' dir='ltr'>et</span> <span class='ocrx_word' id='word_1_172' title='bbox 261 2323 369 2372; x_wconf 90' lang='lat' dir='ltr'>ferit</span> <span class='ocrx_word' id='word_1_173' title='bbox 387 2342 399 2384; x_wconf 79' lang='lat'>3</span> <span class='ocrx_word' id='word_1_174' title='bbox 450 2325 725 2372; x_wconf 86' lang='lat' dir='ltr'>exclamant</span> <span class='ocrx_word' id='word_1_175' title='bbox 763 2325 918 2371; x_wconf 90' lang='lat' dir='ltr'>Troes</span> <span class='ocrx_word' id='word_1_176' title='bbox 960 2322 1237 2386; x_wconf 89' lang='lat' dir='ltr'>trepidique</span> <span class='ocrx_word' id='word_1_177' title='bbox 1276 2320 1453 2378; x_wconf 90' lang='lat' dir='ltr'>Latini,</span> <span class='ocrx_word' id='word_1_178' title='bbox 1775 2335 1852 2379; x_wconf 78' lang='lat'>730</span> 
     </span>
    </p>

    <p class='ocr_par' dir='ltr' id='par_1_27' title="bbox 175 2401 1514 2469">
     <span class='ocr_line' id='line_1_28' title="bbox 175 2401 1514 2469; baseline -0.004 -14"><span class='ocrx_word' id='word_1_179' title='bbox 175 2415 491 2469; x_wconf 86' lang='lat' dir='ltr'>arrectaeque</span> <span class='ocrx_word' id='word_1_180' title='bbox 526 2406 787 2454; x_wconf 90' lang='lat' dir='ltr'>amborum</span> <span class='ocrx_word' id='word_1_181' title='bbox 826 2405 969 2454; x_wconf 89' lang='lat' dir='ltr'>acies.</span> <span class='ocrx_word' id='word_1_182' title='bbox 1044 2414 1094 2453; x_wconf 91' lang='lat' dir='ltr'>at</span> <span class='ocrx_word' id='word_1_183' title='bbox 1129 2405 1347 2467; x_wconf 91' lang='lat' dir='ltr'>perfidus</span> <span class='ocrx_word' id='word_1_184' title='bbox 1384 2401 1514 2451; x_wconf 90' lang='lat' dir='ltr'>ensis</span> 
     </span>
    </p>

    <p class='ocr_par' dir='ltr' id='par_1_28' title="bbox 176 2483 1464 2552">
     <span class='ocr_line' id='line_1_29' title="bbox 176 2483 1464 2552; baseline -0.004 -16"><span class='ocrx_word' id='word_1_185' title='bbox 176 2488 411 2552; x_wconf 87' lang='lat' dir='ltr'>frangitur</span> <span class='ocrx_word' id='word_1_186' title='bbox 446 2488 496 2535; x_wconf 90' lang='lat' dir='ltr'>in</span> <span class='ocrx_word' id='word_1_187' title='bbox 535 2487 801 2551; x_wconf 89' lang='lat' dir='ltr'>medioque</span> <span class='ocrx_word' id='word_1_188' title='bbox 841 2489 1097 2537; x_wconf 90' lang='lat' dir='ltr'>ardentem</span> <span class='ocrx_word' id='word_1_189' title='bbox 1134 2485 1315 2534; x_wconf 90' lang='lat' dir='ltr'>deserit</span> <span class='ocrx_word' id='word_1_190' title='bbox 1351 2483 1464 2541; x_wconf 93' lang='lat' dir='ltr'>ictu,</span> 
     </span>
    </p>

    <p class='ocr_par' dir='ltr' id='par_1_29' title="bbox 178 2567 1389 2634">
     <span class='ocr_line' id='line_1_30' title="bbox 178 2567 1389 2634; baseline -0.005 -15"><span class='ocrx_word' id='word_1_191' title='bbox 178 2571 227 2619; x_wconf 91' lang='lat' dir='ltr'>ni</span> <span class='ocrx_word' id='word_1_192' title='bbox 263 2572 378 2634; x_wconf 88' lang='lat' dir='ltr'>fuga</span> <span class='ocrx_word' id='word_1_193' title='bbox 414 2568 636 2618; x_wconf 90' lang='lat' dir='ltr'>subsidio</span> <span class='ocrx_word' id='word_1_194' title='bbox 677 2571 863 2618; x_wconf 90' lang='lat' dir='ltr'>subeat.</span> <span class='ocrx_word' id='word_1_195' title='bbox 941 2569 1062 2631; x_wconf 91' lang='lat' dir='ltr'>fugit</span> <span class='ocrx_word' id='word_1_196' title='bbox 1099 2567 1235 2616; x_wconf 91' lang='lat' dir='ltr'>ocior</span> <span class='ocrx_word' id='word_1_197' title='bbox 1271 2582 1389 2615; x_wconf 84' lang='lat' dir='ltr'>euro</span> 
     </span>
    </p>
   </div>
   <div class='ocr_carea' id='block_1_3' title="bbox 177 2691 1882 3078">
    <p class='ocr_par' dir='ltr' id='par_1_30' title="bbox 177 2691 1882 3078">
     <span class='ocr_line' id='line_1_31' title="bbox 235 2691 1852 2754; baseline -0.006 -14"><span class='ocrx_word' id='word_1_198' title='bbox 235 2701 422 2751; x_wconf 86' lang='lat'>705—718</span> <span class='ocrx_word' id='word_1_199' title='bbox 443 2700 637 2749; x_wconf 85' lang='lat' dir='ltr'><em>MPRV;</em></span> <span class='ocrx_word' id='word_1_200' title='bbox 673 2713 861 2750; x_wconf 85' lang='lat'><strong>719-733</strong></span> <span class='ocrx_word' id='word_1_201' title='bbox 884 2698 1014 2737; x_wconf 83' lang='lat' dir='ltr'>MPR</span> <span class='ocrx_word' id='word_1_202' title='bbox 1311 2707 1390 2744; x_wconf 93' lang='lat'>709</span> <span class='ocrx_word' id='word_1_203' title='bbox 1421 2698 1463 2732; x_wconf 89' lang='lat' dir='ltr'>et</span> <span class='ocrx_word' id='word_1_204' title='bbox 1487 2706 1569 2732; x_wconf 90' lang='lat' dir='ltr'>om.</span> <span class='ocrx_word' id='word_1_205' title='bbox 1602 2707 1621 2730; x_wconf 89' lang='lat' dir='ltr'>c</span> <span class='ocrx_word' id='word_1_206' title='bbox 1640 2691 1852 2754; x_wconf 33' lang='lat' dir='ltr'>‘delenbres</span> 
     </span>
     <span class='ocr_line' id='line_1_32' title="bbox 178 2746 1852 2809; baseline -0.005 -15"><span class='ocrx_word' id='word_1_207' title='bbox 178 2768 356 2794; x_wconf 88' lang='lat' dir='ltr'>cernere</span> <span class='ocrx_word' id='word_1_208' title='bbox 370 2755 427 2793; x_wconf 83' lang='lat' dir='ltr'>Pl</span> <span class='ocrx_word' id='word_1_209' title='bbox 445 2754 724 2795; x_wconf 83' lang='lat' dir='ltr'>Mentelianus</span> <span class='ocrx_word' id='word_1_210' title='bbox 737 2753 791 2803; x_wconf 77' lang='lat'>1²,</span> <span class='ocrx_word' id='word_1_211' title='bbox 810 2758 1011 2793; x_wconf 78' lang='lat' dir='ltr'>testantur</span> <span class='ocrx_word' id='word_1_212' title='bbox 1022 2751 1170 2792; x_wconf 85' lang='lat' dir='ltr'>Seneca</span> <span class='ocrx_word' id='word_1_213' title='bbox 1190 2757 1245 2802; x_wconf 86' lang='lat' dir='ltr'>ep.</span> <span class='ocrx_word' id='word_1_214' title='bbox 1267 2749 1371 2788; x_wconf 89' lang='lat' dir='ltr'>lviii.</span> <span class='ocrx_word' id='word_1_215' title='bbox 1387 2761 1428 2798; x_wconf 88' lang='lat'>3,</span> <span class='ocrx_word' id='word_1_216' title='bbox 1440 2746 1554 2787; x_wconf 75' lang='lat' dir='ltr'><strong><em>Serv.</em></strong></span> <span class='ocrx_word' id='word_1_217' title='bbox 1577 2760 1586 2784; x_wconf 74' lang='grc' dir='ltr'><em>ε</em></span> <span class='ocrx_word' id='word_1_218' title='bbox 1608 2747 1852 2809; x_wconf 70' lang='lat' dir='ltr'>discernere</span> 
     </span>
     <span class='ocr_line' id='line_1_33' title="bbox 177 2802 1853 2863; baseline -0.005 -16"><span class='ocrx_word' id='word_1_219' title='bbox 177 2811 251 2850; x_wconf 73' lang='lat' dir='ltr'>bn:</span> <span class='ocrx_word' id='word_1_220' title='bbox 276 2811 510 2849; x_wconf 86' lang='lat' dir='ltr'>decernere</span> <span class='ocrx_word' id='word_1_221' title='bbox 528 2811 651 2859; x_wconf 79' lang='lat' dir='ltr'>ceteri,</span> <span class='ocrx_word' id='word_1_222' title='bbox 667 2811 847 2862; x_wconf 80' lang='lat' dir='ltr'>agnoscit</span> <span class='ocrx_word' id='word_1_223' title='bbox 858 2809 973 2848; x_wconf 81' lang='lat' dir='ltr'>Serv.</span> <span class='ocrx_word' id='word_1_224' title='bbox 1074 2819 1150 2856; x_wconf 85' lang='lat'>713</span> <span class='ocrx_word' id='word_1_225' title='bbox 1173 2804 1334 2845; x_wconf 87' lang='lat' dir='ltr'>crebris</span> <span class='ocrx_word' id='word_1_226' title='bbox 1349 2802 1465 2854; x_wconf 67' lang='grc' dir='ltr'>Μ1Ὓ1</span> <span class='ocrx_word' id='word_1_227' title='bbox 1553 2814 1629 2852; x_wconf 87' lang='lat'>714</span> <span class='ocrx_word' id='word_1_228' title='bbox 1651 2806 1853 2863; x_wconf 73' lang='lat' dir='ltr'>miscetur</span> 
     </span>
     <span class='ocr_line' id='line_1_34' title="bbox 183 2855 1854 2918; baseline -0.008 -14"><span class='ocrx_word' id='word_1_229' title='bbox 183 2864 222 2901; x_wconf 90' lang='lat' dir='ltr'><em>V</em></span> <span class='ocrx_word' id='word_1_230' title='bbox 300 2877 377 2915; x_wconf 87' lang='lat'>715</span> <span class='ocrx_word' id='word_1_231' title='bbox 399 2865 503 2904; x_wconf 85' lang='lat' dir='ltr'>silva</span> <span class='ocrx_word' id='word_1_232' title='bbox 520 2864 638 2916; x_wconf 73' lang='lat' dir='ltr'>R7¹⁷r</span> <span class='ocrx_word' id='word_1_233' title='bbox 653 2865 836 2917; x_wconf 82' lang='lat' dir='ltr'>agnoscit</span> <span class='ocrx_word' id='word_1_234' title='bbox 846 2863 959 2903; x_wconf 77' lang='lat' dir='ltr'>Serv.</span> <span class='ocrx_word' id='word_1_235' title='bbox 1064 2875 1142 2911; x_wconf 90' lang='lat'>719</span> <span class='ocrx_word' id='word_1_236' title='bbox 1164 2857 1348 2909; x_wconf 88' lang='lat' dir='ltr'>nemori]</span> <span class='ocrx_word' id='word_1_237' title='bbox 1362 2857 1508 2908; x_wconf 85' lang='lat' dir='ltr'>pecori</span> <span class='ocrx_word' id='word_1_238' title='bbox 1522 2855 1568 2918; x_wconf 47' lang='lat'>7?</span> <span class='ocrx_word' id='word_1_239' title='bbox 1587 2869 1630 2894; x_wconf 84' lang='lat' dir='ltr'>m</span> <span class='ocrx_word' id='word_1_240' title='bbox 1649 2855 1854 2916; x_wconf 51' lang='lat' dir='ltr'>detenofes</span> 
     </span>
     <span class='ocr_line' id='line_1_35' title="bbox 180 2909 1854 2972; baseline -0.008 -13"><span class='ocrx_word' id='word_1_241' title='bbox 180 2933 259 2969; x_wconf 84' lang='lat'>720</span> <span class='ocrx_word' id='word_1_242' title='bbox 287 2917 484 2969; x_wconf 87' lang='lat' dir='ltr'>vulnera]</span> <span class='ocrx_word' id='word_1_243' title='bbox 509 2919 674 2971; x_wconf 89' lang='lat' dir='ltr'>proelia</span> <span class='ocrx_word' id='word_1_244' title='bbox 693 2919 771 2969; x_wconf 66' lang='lat'>7¹⁷:</span> <span class='ocrx_word' id='word_1_245' title='bbox 894 2931 968 2967; x_wconf 89' lang='lat'>727</span> <span class='ocrx_word' id='word_1_246' title='bbox 1002 2915 1065 2967; x_wconf 88' lang='lat' dir='ltr'>et]</span> <span class='ocrx_word' id='word_1_247' title='bbox 1085 2921 1158 2955; x_wconf 87' lang='lat' dir='ltr'>aut</span> <span class='ocrx_word' id='word_1_248' title='bbox 1178 2915 1201 2953; x_wconf 88' lang='lat' dir='ltr'><em>b</em></span> <span class='ocrx_word' id='word_1_249' title='bbox 1221 2914 1427 2953; x_wconf 77' lang='lat' dir='ltr'>detem‘ores</span> <span class='ocrx_word' id='word_1_250' title='bbox 1445 2911 1610 2972; x_wconf 59' lang='lat' dir='ltr'>Nomas</span> <span class='ocrx_word' id='word_1_251' title='bbox 1627 2909 1854 2959; x_wconf 76' lang='lat' dir='ltr'>Agroeaus</span> 
     </span>
     <span class='ocr_line' id='line_1_36' title="bbox 177 2962 1853 3023; baseline -0.009 -9"><span class='ocrx_word' id='word_1_252' title='bbox 177 2973 294 3014; x_wconf 78' lang='lat' dir='ltr'>Serv.</span> <span class='ocrx_word' id='word_1_253' title='bbox 394 2987 470 3023; x_wconf 85' lang='lat'>732</span> <span class='ocrx_word' id='word_1_254' title='bbox 493 2975 621 3013; x_wconf 89' lang='lat' dir='ltr'>ictum</span> <span class='ocrx_word' id='word_1_255' title='bbox 645 2973 764 3012; x_wconf 73' lang='lat' dir='ltr'>Mer</span> <span class='ocrx_word' id='word_1_256' title='bbox 823 2977 917 3023; x_wconf 84' lang='lat' dir='ltr'>post</span> <span class='ocrx_word' id='word_1_257' title='bbox 936 2972 1047 3010; x_wconf 76' lang='lat' dir='ltr'><em>hunc</em></span> <span class='ocrx_word' id='word_1_258' title='bbox 1063 2984 1099 3010; x_wconf 84' lang='lat' dir='ltr'>v.</span> <span class='ocrx_word' id='word_1_259' title='bbox 1124 2971 1320 3009; x_wconf 86' lang='lat' dir='ltr'>lacunam</span> <span class='ocrx_word' id='word_1_260' title='bbox 1342 2966 1494 3006; x_wconf 78' lang='lat' dir='ltr'>indicat</span> <span class='ocrx_word' id='word_1_261' title='bbox 1511 2962 1681 3002; x_wconf 79' lang='lat' dir='ltr'>Rtbbeck</span> <span class='ocrx_word' id='word_1_262' title='bbox 1773 2973 1853 3012; x_wconf 84' lang='lat'>733</span> 
     </span>
     <span class='ocr_line' id='line_1_37' title="bbox 181 3022 1882 3078; baseline -0.008 -11"><span class='ocrx_word' id='word_1_263' title='bbox 181 3029 225 3067; x_wconf 90' lang='lat' dir='ltr'>ni</span> <span class='ocrx_word' id='word_1_264' title='bbox 248 3029 344 3078; x_wconf 86' lang='lat' dir='ltr'>fuga</span> <span class='ocrx_word' id='word_1_265' title='bbox 369 3028 568 3077; x_wconf 86' lang='lat' dir='ltr'>subsidio,</span> <span class='ocrx_word' id='word_1_266' title='bbox 594 3029 746 3069; x_wconf 82' lang='lat' dir='ltr'>subeat</span> <span class='ocrx_word' id='word_1_267' title='bbox 768 3027 954 3077; x_wconf 78' lang='lat' dir='ltr'>Madvig,</span> <span class='ocrx_word' id='word_1_268' title='bbox 971 3026 1089 3076; x_wconf 79' lang='lat' dir='ltr'><em>plene</em></span> <span class='ocrx_word' id='word_1_269' title='bbox 1102 3028 1198 3075; x_wconf 82' lang='lat' dir='ltr'>post</span> <span class='ocrx_word' id='word_1_270' title='bbox 1217 3025 1300 3061; x_wconf 90' lang='lat' dir='ltr'>ictu</span> <span class='ocrx_word' id='word_1_271' title='bbox 1323 3022 1575 3069; x_wconf 80' lang='lat' dir='ltr'>interpuncto</span> <span class='ocrx_word' id='word_1_272' title='bbox 1880 3023 1882 3027; x_wconf 87' lang='grc'><strong>“</strong></span> 
     </span>
    </p>
   </div>
  </div>
 </body>
</html>
