2014 3372
1374 149 1734 206 AENEIDOS
1770 150 1846 207 XI

181 301 460 356 exspectate
496 293 648 355 dapes
685 300 733 340 et
769 292 946 355 plenae
982 291 1161 354 pocula
1196 305 1398 338 mensae

182 373 284 440 (hic
318 390 468 434 amor,
509 375 606 421 hoc
642 371 882 436 studium)
921 372 1042 420 dum
1079 387 1216 419 sacra
1252 370 1499 419 secundus
1536 370 1780 432 haruspex

179 454 372 503 nuntiet
407 471 465 503 ac
500 456 639 502 lucos
674 462 819 502 vocet
854 451 1016 501 hostia
1051 451 1245 515 pinguis
1281 450 1333 498 in
1368 452 1495 499 altos
1521 452 1558 498 1’
1768 466 1844 510 740

179 536 302 583 haec
338 537 511 584 effatus
547 551 732 598 equum
768 533 819 582 in
855 532 1049 582 medios
1085 531 1348 580 moriturus
1386 540 1433 580 et
1468 530 1575 594 ipse

179 615 407 676 concitat,
447 625 495 664 et
530 617 729 664 Venulo
764 616 1026 664 adversum
1062 630 1116 661 se
1151 612 1376 662 turbidus
1413 612 1558 660 infert

178 697 538 759 dereptumque
573 697 639 745 ab
674 712 805 759 equo
841 697 1011 744 dextra
1046 693 1392 756 complectitur
1428 694 1624 741 hostem

142 820 145 822 .
177 786 227 825 et
260 776 500 839 gremium
535 786 650 826 ante
686 793 831 824 suum
868 777 1023 824 multa
1058 774 1106 822 vi
1142 773 1366 822 concitus
1402 775 1570 822 aufert.

177 858 362 907 tollitur
396 858 447 907 in
484 861 677 907 caelum
713 860 900 907 clamor
935 857 1203 920 cunctique
1241 855 1405 904 Latini
1767 872 1842 918 745

177 949 460 989 convertere
496 942 681 989 oculos.
755 941 888 988 volat
924 939 1098 1003 igneus
1134 954 1350 1001 aequore
1386 938 1619 986 Tarchon

175 1037 310 1069 arma
345 1021 603 1084 virumque
639 1024 834 1082 ferens;
882 1031 989 1070 tum
1026 1039 1220 1070 summa
1255 1022 1408 1085 ipsius
1444 1023 1509 1071 ab
1544 1023 1686 1070 hasta

176 1102 404 1166 defringit
439 1105 619 1151 ferrum
656 1112 705 1151 et
740 1103 889 1165 partis
927 1103 1128 1152 rimatur
1162 1113 1368 1167 apertas,

175 1201 273 1247 qua
307 1186 484 1232 vulnus
520 1186 665 1233 letale
701 1186 855 1245 ferat;
903 1195 1075 1235 contra
1110 1186 1192 1235 ille
1227 1202 1506 1250 repugnans

175 1265 382 1314 sustinet
417 1283 447 1314 a
482 1266 649 1329 iugulo
685 1268 907 1316 dextram
943 1277 992 1316 et
1028 1268 1128 1316 vim
1164 1268 1348 1317 viribus
1385 1267 1498 1317 exit.
1764 1285 1844 1329 750

175 1356 327 1410 utque
363 1350 535 1397 volans
571 1350 669 1397 alte
705 1358 899 1412 raptum
937 1367 1050 1399 cum
1087 1353 1221 1400 fulva
1257 1353 1526 1400 draconem

173 1430 263 1477 fert
298 1428 462 1491 aquila
498 1428 839 1492 implicuitque
874 1433 1028 1494 pedes
1063 1441 1214 1494 atque
1249 1432 1497 1495 unguibus
1534 1429 1702 1491 haesit,

175 1509 368 1558 saucius
405 1519 454 1557 at
490 1526 690 1572 serpens
729 1510 928 1560 sinuosa
964 1512 1220 1561 volumina
1254 1521 1414 1560 versat

173 1589 469 1653 arrectisque
505 1592 669 1639 horret
706 1592 923 1654 squamis
960 1602 1008 1641 et
1045 1592 1207 1641 sibilat
1243 1609 1327 1641 ore

173 1672 355 1720 arduus
392 1671 661 1734 insurgens,
702 1671 785 1720 illa
820 1674 954 1722 haud
992 1673 1156 1722 minus
1192 1682 1330 1736 urget
1366 1673 1567 1722 obunco
1762 1691 1839 1733 755

173 1754 442 1801 luctantem
478 1762 648 1812 rostro,
689 1753 835 1802 simul
870 1756 1069 1803 aethera
1102 1755 1324 1803 verberat
1359 1753 1479 1802 alis:

173 1834 307 1882 haud
342 1832 480 1881 aliter
515 1835 751 1896 praedam
788 1834 1052 1883 Tiburtum
1090 1851 1148 1883 ex
1182 1834 1378 1897 agmine
1414 1835 1646 1882 Tarchon

173 1922 333 1976 portat
370 1916 535 1962 ovans.
574 1945 578 1949 -
611 1914 751 1963 ducis
787 1916 1069 1977 exemplum
1106 1924 1439 1977 eventumque
1482 1913 1637 1963 secuti

175 1994 475 2044 Maeonidae
512 1995 778 2043 incurrunt.
852 2005 958 2043 tum
994 1995 1104 2043 fatis
1140 1995 1337 2044 debitus
1372 1998 1560 2043 Arruns

173 2077 394 2124 velocem
431 2076 592 2125 iaculo
629 2086 678 2125 et
714 2079 868 2125 multa
903 2077 1034 2140 prior
1067 2086 1169 2125 arte
1206 2076 1469 2127 Camillam
1762 2085 1839 2138 760

174 2156 355 2216 circuit,
397 2167 444 2206 et
481 2175 608 2221 quae
644 2157 706 2206 sit
741 2159 938 2206 fortuna
972 2157 1204 2206 facillima
1239 2166 1459 2221 temptat.

174 2253 271 2299 qua
306 2255 358 2286 se
395 2255 609 2302 cumque
644 2240 809 2287 furens
846 2238 1015 2287 medio
1050 2238 1160 2286 tulit
1195 2237 1391 2300 agmine
1426 2237 1574 2300 virgo,

172 2318 266 2366 hac
302 2321 489 2367 Arruns
526 2319 659 2368 subit
695 2328 743 2369 et
779 2318 956 2368 tacitus
991 2318 1194 2381 vestigia
1229 2320 1433 2378 lustrat3

173 2415 271 2461 qua
306 2399 476 2447 victrix
511 2400 637 2448 redit
672 2400 754 2448 illa
790 2402 1072 2463 pedemque
1108 2416 1167 2447 ex
1202 2400 1346 2447 hoste
1380 2407 1608 2461 reportat,

173 2479 266 2527 hac
302 2480 491 2528 iuvenis
528 2480 694 2528 furtim
731 2479 901 2528 celeris
938 2481 1200 2542 detorquet
1237 2479 1469 2528 habenas.
1758 2486 1834 2540 765

173 2560 264 2607 hos
300 2559 462 2608 aditus
498 2559 696 2623 iamque
732 2561 823 2608 hos
859 2559 1022 2608 aditus
1060 2576 1362 2622 omnemque
1398 2568 1610 2622 pererrat

172 2640 393 2703 undique
429 2640 687 2689 circuitum
724 2650 772 2689 et
808 2650 991 2690 certam
1028 2641 1185 2704 quatit
1220 2641 1476 2703 improbus
1513 2642 1718 2688 hastam.

241 2723 386 2769 Forte
422 2738 557 2769 sacer
593 2722 784 2783 Cybelo
821 2723 1063 2771 Chloreus
1101 2721 1320 2784 olimque
1357 2723 1585 2770 sacerdos

228 2851 416 2900 738-756
436 2848 528 2886 MR
545 2862 555 2897 ;
587 2850 774 2898 757-768
795 2847 849 2886 M
1034 2851 1113 2899 738
1143 2855 1397 2899 exspectare
1417 2849 1625 2888 deten'ores
1645 2848 1830 2899 quidam,

173 2903 402 2955 Conington
570 2916 648 2952 742
680 2904 804 2942 offert
817 2902 890 2954 R7
1097 2904 1176 2952 768
1205 2904 1366 2953 Cybelo
1390 2903 1498 2944 codd.
1520 2903 1698 2954 plerique
1717 2901 1830 2943 Serv.

171 2957 362 2997 Ribbeck:
395 2958 559 3008 Cybele
579 2971 661 3008 ’γπε
694 2958 881 3007 Cybelae
903 2956 1135 2996 Macrobius
1154 2958 1279 3009 vulgo
