2014 3372
237 159 289 208 P.
329 160 627 208 VERGILI
665 159 991 208 MARONIS

235 299 370 348 haud
407 299 568 362 segnis
607 308 757 347 strato
794 298 945 362 surgit
981 298 1240 348 Palinurus
1276 307 1326 348 et
1362 298 1524 348 omnis

234 382 454 443 explorat
490 389 664 429 ventos
701 389 850 442 atque
886 379 1086 429 auribus
1122 383 1235 429 aera
1269 388 1433 443 captat
1449 399 1464 441 3

234 460 396 510 sidera
432 470 612 510 cuncta
647 470 786 510 notat
822 461 973 511 tacito
1009 461 1227 522 labentia
1262 463 1415 521 caelo,

232 545 500 592 Arcturum
536 543 827 606 pluviasque
865 544 1072 606 Hyadas
1108 542 1433 607 geminosque
1468 542 1687 592 Triones⁴

231 634 578 688 armatumque
613 642 732 675 auro
770 625 1102 688 circumspicit
1139 624 1338 674 Oriona.

230 718 499 773 postquam
533 718 714 758 cuncta
748 708 883 758 videt
919 710 1058 757 caelo
1095 717 1321 757 constare
1357 724 1546 767 sereno,

231 792 318 839 dat
355 792 542 839 clarum
580 808 607 839 e
642 790 798 854 puppi
835 790 1059 853 signum:
1102 806 1195 838 nos
1232 798 1390 838 castra
1425 805 1683 838 movemus

232 880 635 935 temptamusque
671 871 801 920 viam
839 880 887 921 et
922 873 1145 920 velorum
1181 871 1447 934 pandimus
1482 872 1598 919 alas.

302 956 512 1018 Iamque
548 955 844 1004 rubescebat
881 954 1032 1003 stellis
1069 954 1263 1007 Aurora
1297 952 1475 1015 fugatis

232 1053 347 1085 curn
384 1039 558 1101 procul
594 1038 832 1086 obscuros
868 1037 1008 1086 collis
1045 1035 1386 1098 humilemque
1422 1035 1650 1084 videmus

234 1118 443 1167 Italiam.
520 1118 715 1167 Italiam
751 1118 938 1182 primus
976 1120 1255 1167 conclamat
1290 1119 1523 1177 Achates,

235 1199 430 1248 Italiam
467 1202 597 1249 laeto
634 1199 755 1249 socii
792 1202 1007 1249 clamore
1045 1202 1270 1248 salutant.

233 1290 339 1329 turn
376 1290 514 1345 pater
550 1281 794 1330 Anchises
831 1298 1068 1344 magnum
1108 1290 1294 1329 cratera
1329 1297 1514 1329 corona

233 1362 395 1412 induit
431 1363 753 1427 implevitque
789 1380 944 1423 mero‚·
980 1362 1223 1426 divosque
1258 1362 1452 1411 vocavit

234 1454 367 1493 stans
404 1446 536 1494 celsa
571 1445 622 1493 in
658 1445 844 1508 puppi:
1385 1444 1387 1446 ’

238 1525 316 1575 ‘di
353 1525 499 1574 maris
536 1535 585 1575 et
621 1535 775 1575 terrae
811 1535 1263 1589 tempestatumque
1298 1533 1540 1588 potenteS‚

233 1609 354 1656 ferte
391 1607 521 1656 viam
557 1616 708 1657 vento
744 1607 939 1657 facilem
976 1616 1025 1657 et
1061 1607 1240 1671 spirate
1277 1606 1514 1656 secundi.'

234 1690 551 1739 crebrescunt
589 1698 786 1753 optatae
822 1707 969 1739 aurae
1004 1699 1275 1753 portusque
1311 1688 1518 1752 patescit

233 1770 331 1819 iam
369 1771 581 1835 propior,
622 1773 966 1835 templumque
1001 1780 1204 1835 apparet
1239 1771 1290 1819 in
1324 1787 1436 1820 arce
1475 1769 1743 1820 Minervae.

233 1854 342 1901 vela
378 1854 547 1916 legunt
584 1852 705 1901 socii
742 1861 790 1901 et
826 1870 993 1916 proras
1030 1854 1094 1902 ad
1130 1852 1273 1901 litora
1309 1861 1553 1915 torquent.

234 1942 405 1996 portus
442 1934 505 1982 ab
543 1950 695 1983 euroo
732 1936 885 1982 fluctu
922 1943 1149 1983 curvatus
1186 1934 1237 1982 in
1273 1951 1456 1993 arcum,

234 2014 460 2064 obiectae
498 2017 624 2064 salsa
660 2024 893 2079 spumant
928 2015 1184 2079 aspergine
1221 2025 1402 2075 cauteS,

232 2095 339 2158 ipse
375 2098 522 2146 latet:
565 2097 766 2159 gemino
803 2097 1059 2146 dimittunt
1097 2097 1329 2146 bracchia
1366 2114 1507 2145 muro

232 2177 389 2225 turriti
426 2178 618 2241 scopuli
654 2178 929 2241 refugitque
965 2179 1029 2227 ab
1066 2178 1206 2227 litore
1246 2180 1501 2242 templum.

233 2267 465 2321 quattuor
501 2258 595 2318 hic,
635 2258 850 2322 primum
888 2276 1051 2318 omen,
1093 2276 1248 2322 equos
1285 2259 1336 2306 in
1373 2258 1593 2321 gramine
1628 2256 1730 2306 vidi

233 2339 487 2388 tondentis
525 2357 757 2403 campum
795 2342 904 2399 late,
946 2342 1162 2390 candore
1199 2340 1360 2389 nivali.

233 2430 281 2470 et
317 2430 455 2484 pater
491 2421 736 2473 Anchises
777 2423 1004 2481 ‘bellum‚
1046 2439 1077 2471 o
1114 2431 1240 2471 terra
1274 2420 1482 2484 hospita,
1522 2429 1717 2484 portas:

1830 481 1915 522 515³

1831 886 1911 928 520

1833 1298 1910 1340 525

1829 1708 1911 1750 530

1820 2108 1917 2156 v535·

233 2504 366 2552 bello
402 2514 653 2553 armantur
690 2505 834 2567 equi,v
856 2506 1045 2554 bellum
1083 2507 1207 2554 haec
1239 2513 1462 2553 armenta
1493 2503 1756 2552 minantur.
1829 2521 1911 2563 540

233 2587 321 2634 sed
358 2595 526 2634 tamen
563 2586 697 2635 idem
735 2587 854 2635 olim
894 2604 1038 2636 curru
1076 2588 1342 2635 succedere
1380 2585 1506 2635 sueti

233 2666 564 2730 quadripedes
602 2676 650 2716 et
688 2669 825 2717 frena
861 2668 976 2731 iugo
1013 2667 1281 2717 concordia
1316 2669 1468 2716 ferre:

233 2764 344 2811 spes
381 2757 429 2796 et
465 2749 631 2812 pacis'
669 2748 747 2798 ait.
811 2758 917 2798 tum
954 2749 1161 2797 numina
1196 2758 1365 2797 sancta
1399 2763 1656 2812 precamur

287 2889 479 2928 513-530
514 2878 666 2928 GMP3
716 2891 904 2929 531—543
939 2878 1031 2917 MP
1307 2879 1388 2928 516
1422 2875 1606 2928 pluvias]
1641 2874 1807 2925 pliadas
1835 2873 1912 2923 -γῑπ

232 2932 468 2971 Macrobius
691 2946 770 2983 527
804 2934 917 2972 celsa
938 2932 1015 2984 My
1046 2933 1108 2978 (in
1140 2932 1266 2986 textu)
1299 2933 1399 2971 aben
1427 2931 1646 2969 Donatus:
1677 2930 1814 2979 prima
1845 2927 1912 2978 Gy

236 2987 297 3036 (in
331 2987 570 3038 margine):
621 2988 716 3026 ·ima
746 2987 832 3027 Pl:
888 2988 991 3027 ·elsa
1029 2987 1089 3026 P²
1355 2997 1434 3037 535
1475 2984 1701 3024 demittunt
1735 2981 1816 3034 My
1847 2981 1912 3033 (in

236 3042 442 3094 margine)
467 3041 518 3080 ab
