<?xml version="1.0" encoding="UTF-8"?>
<!DOCTYPE html PUBLIC "-//W3C//DTD XHTML 1.0 Transitional//EN"
    "http://www.w3.org/TR/xhtml1/DTD/xhtml1-transitional.dtd">
<html xmlns="http://www.w3.org/1999/xhtml" xml:lang="en" lang="en">
 <head>
  <title>
</title>
<meta http-equiv="Content-Type" content="text/html;charset=utf-8" />
  <meta name='ocr-system' content='tesseract 3.04.00' />
  <meta name='ocr-capabilities' content='ocr_page ocr_carea ocr_par ocr_line ocrx_word'/>
</head>
<body>
  <div class='ocr_page' id='page_1' title='image "./operarecognovitb00virguoft/operarecognovitb00virguoft_0148.png"; bbox 0 0 2014 3372; ppageno 0'>
   <div class='ocr_carea' id='block_1_1' title="bbox 218 135 979 184">
    <p class='ocr_par' dir='ltr' id='par_1_1' title="bbox 218 135 979 184">
     <span class='ocr_line' id='line_1_1' title="bbox 218 135 979 184; baseline 0 -2"><span class='ocrx_word' id='word_1_1' title='bbox 218 136 271 182; x_wconf 94' lang='lat' dir='ltr'><strong>P.</strong></span> <span class='ocrx_word' id='word_1_2' title='bbox 314 136 613 184; x_wconf 90' lang='lat' dir='ltr'>VERGILI</span> <span class='ocrx_word' id='word_1_3' title='bbox 653 135 979 184; x_wconf 89' lang='lat' dir='ltr'><strong>MARONIS</strong></span> 
     </span>
    </p>
   </div>
   <div class='ocr_carea' id='block_1_2' title="bbox 216 275 1715 2711">
    <p class='ocr_par' dir='ltr' id='par_1_2' title="bbox 218 275 1454 340">
     <span class='ocr_line' id='line_1_2' title="bbox 218 275 1454 340; baseline -0.002 -14"><span class='ocrx_word' id='word_1_4' title='bbox 218 278 473 326; x_wconf 92' lang='lat' dir='ltr'><strong>occultum</strong></span> <span class='ocrx_word' id='word_1_5' title='bbox 508 275 715 340; x_wconf 83' lang='lat' dir='ltr'>inspires</span> <span class='ocrx_word' id='word_1_6' title='bbox 752 275 919 338; x_wconf 84' lang='lat' dir='ltr'><strong>ignem</strong></span> <span class='ocrx_word' id='word_1_7' title='bbox 955 277 1193 339; x_wconf 92' lang='lat' dir='ltr'><strong>fallasque</strong></span> <span class='ocrx_word' id='word_1_8' title='bbox 1228 276 1454 324; x_wconf 63' lang='lat' dir='ltr'><strong>veneno)</strong></span> 
     </span>
    </p>

    <p class='ocr_par' dir='ltr' id='par_1_3' title="bbox 217 356 1441 422">
     <span class='ocr_line' id='line_1_3' title="bbox 217 356 1441 422; baseline -0.001 -15"><span class='ocrx_word' id='word_1_9' title='bbox 217 368 355 422; x_wconf 91' lang='lat' dir='ltr'><strong>paret</strong></span> <span class='ocrx_word' id='word_1_10' title='bbox 390 361 548 407; x_wconf 92' lang='lat' dir='ltr'><strong>Amor</strong></span> <span class='ocrx_word' id='word_1_11' title='bbox 584 357 728 407; x_wconf 88' lang='lat' dir='ltr'><strong>dictis</strong></span> <span class='ocrx_word' id='word_1_12' title='bbox 766 374 906 406; x_wconf 89' lang='lat' dir='ltr'><strong>carae</strong></span> <span class='ocrx_word' id='word_1_13' title='bbox 942 356 1215 421; x_wconf 82' lang='lat' dir='ltr'><strong>genetricis,</strong></span> <span class='ocrx_word' id='word_1_14' title='bbox 1256 366 1304 406; x_wconf 90' lang='lat' dir='ltr'><strong>et</strong></span> <span class='ocrx_word' id='word_1_15' title='bbox 1341 360 1441 406; x_wconf 90' lang='lat' dir='ltr'><strong>alas</strong></span> 
     </span>
    </p>

    <p class='ocr_par' dir='ltr' id='par_1_4' title="bbox 218 437 1267 503">
     <span class='ocr_line' id='line_1_4' title="bbox 218 437 1267 503; baseline -0.003 -14"><span class='ocrx_word' id='word_1_16' title='bbox 218 439 353 489; x_wconf 83' lang='lat' dir='ltr'><strong>exuit</strong></span> <span class='ocrx_word' id='word_1_17' title='bbox 387 448 436 488; x_wconf 89' lang='lat' dir='ltr'><strong>et</strong></span> <span class='ocrx_word' id='word_1_18' title='bbox 470 456 639 503; x_wconf 89' lang='lat' dir='ltr'><strong>gressu</strong></span> <span class='ocrx_word' id='word_1_19' title='bbox 675 440 902 501; x_wconf 91' lang='lat' dir='ltr'><strong>gaudens.</strong></span> <span class='ocrx_word' id='word_1_20' title='bbox 934 437 1120 487; x_wconf 84' lang='lat' dir='ltr'><strong>incedit</strong></span> <span class='ocrx_word' id='word_1_21' title='bbox 1158 438 1267 487; x_wconf 91' lang='lat' dir='ltr'><strong>Iuli.</strong></span> 
     </span>
    </p>

    <p class='ocr_par' dir='ltr' id='par_1_5' title="bbox 221 519 1661 584">
     <span class='ocr_line' id='line_1_5' title="bbox 221 519 1661 584; baseline 0 -14"><span class='ocrx_word' id='word_1_22' title='bbox 221 531 272 570; x_wconf 91' lang='lat' dir='ltr'><strong>at</strong></span> <span class='ocrx_word' id='word_1_23' title='bbox 308 524 480 570; x_wconf 90' lang='lat' dir='ltr'><strong>Venus</strong></span> <span class='ocrx_word' id='word_1_24' title='bbox 517 520 737 570; x_wconf 90' lang='lat' dir='ltr'><strong>Ascanio</strong></span> <span class='ocrx_word' id='word_1_25' title='bbox 773 519 1021 584; x_wconf 82' lang='lat' dir='ltr'><strong>placidam</strong></span> <span class='ocrx_word' id='word_1_26' title='bbox 1058 538 1145 584; x_wconf 90' lang='lat' dir='ltr'><strong>per</strong></span> <span class='ocrx_word' id='word_1_27' title='bbox 1182 521 1406 570; x_wconf 88' lang='lat' dir='ltr'><strong>membra</strong></span> <span class='ocrx_word' id='word_1_28' title='bbox 1442 520 1661 584; x_wconf 90' lang='lat' dir='ltr'><strong>quietem</strong></span> 
     </span>
    </p>

    <p class='ocr_par' dir='ltr' id='par_1_6' title="bbox 217 601 1457 666">
     <span class='ocr_line' id='line_1_6' title="bbox 217 601 1457 666; baseline -0.002 -15"><span class='ocrx_word' id='word_1_29' title='bbox 217 602 405 666; x_wconf 82' lang='lat' dir='ltr'><strong>inrigat,</strong></span> <span class='ocrx_word' id='word_1_30' title='bbox 447 611 496 651; x_wconf 90' lang='lat' dir='ltr'><strong>et</strong></span> <span class='ocrx_word' id='word_1_31' title='bbox 531 604 691 652; x_wconf 87' lang='lat' dir='ltr'><strong>fotum</strong></span> <span class='ocrx_word' id='word_1_32' title='bbox 728 602 915 666; x_wconf 89' lang='lat' dir='ltr'><strong>gremio</strong></span> <span class='ocrx_word' id='word_1_33' title='bbox 952 604 1046 651; x_wconf 91' lang='lat' dir='ltr'><strong>dea</strong></span> <span class='ocrx_word' id='word_1_34' title='bbox 1083 601 1209 650; x_wconf 92' lang='lat' dir='ltr'><strong>tollit</strong></span> <span class='ocrx_word' id='word_1_35' title='bbox 1245 601 1296 650; x_wconf 92' lang='lat' dir='ltr'><strong>in</strong></span> <span class='ocrx_word' id='word_1_36' title='bbox 1331 604 1457 650; x_wconf 92' lang='lat' dir='ltr'><strong>altos</strong></span> 
     </span>
    </p>

    <p class='ocr_par' dir='ltr' id='par_1_7' title="bbox 220 682 1398 744">
     <span class='ocr_line' id='line_1_7' title="bbox 220 682 1398 744; baseline -0.003 -11"><span class='ocrx_word' id='word_1_37' title='bbox 220 684 410 734; x_wconf 88' lang='lat' dir='ltr'><strong>Idaliae</strong></span> <span class='ocrx_word' id='word_1_38' title='bbox 446 686 600 744; x_wconf 91' lang='lat' dir='ltr'><strong>lucos,</strong></span> <span class='ocrx_word' id='word_1_39' title='bbox 641 683 728 733; x_wconf 91' lang='lat' dir='ltr'><strong>ubi</strong></span> <span class='ocrx_word' id='word_1_40' title='bbox 765 683 927 733; x_wconf 90' lang='lat' dir='ltr'><strong>mollis</strong></span> <span class='ocrx_word' id='word_1_41' title='bbox 965 700 1221 731; x_wconf 85' lang='lat' dir='ltr'><strong>amaracus</strong></span> <span class='ocrx_word' id='word_1_42' title='bbox 1258 682 1398 731; x_wconf 90' lang='lat' dir='ltr'><strong>illurn</strong></span> 
     </span>
    </p>

    <p class='ocr_par' dir='ltr' id='par_1_8' title="bbox 218 765 1546 911">
     <span class='ocr_line' id='line_1_8' title="bbox 218 765 1546 829; baseline -0.001 -14"><span class='ocrx_word' id='word_1_43' title='bbox 218 766 422 816; x_wconf 90' lang='lat' dir='ltr'><strong>floribus</strong></span> <span class='ocrx_word' id='word_1_44' title='bbox 460 775 509 815; x_wconf 92' lang='lat' dir='ltr'><strong>et</strong></span> <span class='ocrx_word' id='word_1_45' title='bbox 546 765 680 815; x_wconf 89' lang='lat' dir='ltr'><strong>dulci</strong></span> <span class='ocrx_word' id='word_1_46' title='bbox 717 765 937 829; x_wconf 86' lang='lat' dir='ltr'><strong>aspirans</strong></span> <span class='ocrx_word' id='word_1_47' title='bbox 975 765 1321 828; x_wconf 88' lang='lat' dir='ltr'><strong>complectitur</strong></span> <span class='ocrx_word' id='word_1_48' title='bbox 1357 765 1546 814; x_wconf 90' lang='lat' dir='ltr'><strong>umbra.</strong></span> 
     </span>
     <span class='ocr_line' id='line_1_9' title="bbox 288 846 1523 911; baseline -0.001 -15"><span class='ocrx_word' id='word_1_49' title='bbox 288 851 498 911; x_wconf 92' lang='lat' dir='ltr'><strong>Iamque</strong></span> <span class='ocrx_word' id='word_1_50' title='bbox 534 847 638 896; x_wconf 90' lang='lat' dir='ltr'><strong>ibat</strong></span> <span class='ocrx_word' id='word_1_51' title='bbox 675 847 811 896; x_wconf 91' lang='lat' dir='ltr'><strong>dicto</strong></span> <span class='ocrx_word' id='word_1_52' title='bbox 848 864 1026 910; x_wconf 87' lang='lat' dir='ltr'><strong>parens</strong></span> <span class='ocrx_word' id='word_1_53' title='bbox 1065 855 1113 895; x_wconf 89' lang='lat' dir='ltr'><strong>et</strong></span> <span class='ocrx_word' id='word_1_54' title='bbox 1150 848 1285 896; x_wconf 90' lang='lat' dir='ltr'><strong>dona</strong></span> <span class='ocrx_word' id='word_1_55' title='bbox 1323 846 1523 909; x_wconf 92' lang='lat' dir='ltr'><strong>Cupido</strong></span> 
     </span>
    </p>

    <p class='ocr_par' dir='ltr' id='par_1_9' title="bbox 217 928 1416 993">
     <span class='ocr_line' id='line_1_10' title="bbox 217 928 1416 993; baseline -0.002 -15"><span class='ocrx_word' id='word_1_56' title='bbox 217 929 349 993; x_wconf 89' lang='lat' dir='ltr'><strong>regia</strong></span> <span class='ocrx_word' id='word_1_57' title='bbox 384 929 613 992; x_wconf 91' lang='lat' dir='ltr'><strong>portabat</strong></span> <span class='ocrx_word' id='word_1_58' title='bbox 652 928 812 991; x_wconf 90' lang='lat' dir='ltr'><strong>Tyriis</strong></span> <span class='ocrx_word' id='word_1_59' title='bbox 850 930 979 977; x_wconf 92' lang='lat' dir='ltr'><strong>duce</strong></span> <span class='ocrx_word' id='word_1_60' title='bbox 1016 930 1172 977; x_wconf 89' lang='lat' dir='ltr'><strong>laetus</strong></span> <span class='ocrx_word' id='word_1_61' title='bbox 1209 929 1416 976; x_wconf 89' lang='lat' dir='ltr'><strong>Achate.</strong></span> 
     </span>
    </p>

    <p class='ocr_par' dir='ltr' id='par_1_10' title="bbox 216 1008 1438 1073">
     <span class='ocr_line' id='line_1_11' title="bbox 216 1008 1438 1073; baseline -0.002 -13"><span class='ocrx_word' id='word_1_62' title='bbox 216 1028 332 1061; x_wconf 90' lang='lat' dir='ltr'><strong>cum</strong></span> <span class='ocrx_word' id='word_1_63' title='bbox 368 1010 516 1070; x_wconf 90' lang='lat' dir='ltr'><strong>venit,</strong></span> <span class='ocrx_word' id='word_1_64' title='bbox 557 1010 741 1059; x_wconf 90' lang='lat' dir='ltr'><strong>aulaeis</strong></span> <span class='ocrx_word' id='word_1_65' title='bbox 780 1010 879 1058; x_wconf 91' lang='lat' dir='ltr'><strong>iam</strong></span> <span class='ocrx_word' id='word_1_66' title='bbox 919 1027 971 1059; x_wconf 91' lang='lat' dir='ltr'><strong>se</strong></span> <span class='ocrx_word' id='word_1_67' title='bbox 1008 1009 1176 1073; x_wconf 87' lang='lat' dir='ltr'><strong>regina</strong></span> <span class='ocrx_word' id='word_1_68' title='bbox 1214 1008 1438 1072; x_wconf 89' lang='lat' dir='ltr'><strong>superbis</strong></span> 
     </span>
    </p>

    <p class='ocr_par' dir='ltr' id='par_1_11' title="bbox 216 1090 1508 1155">
     <span class='ocr_line' id='line_1_12' title="bbox 216 1090 1508 1155; baseline -0.002 -14"><span class='ocrx_word' id='word_1_69' title='bbox 216 1110 364 1142; x_wconf 91' lang='lat' dir='ltr'><strong>aurea</strong></span> <span class='ocrx_word' id='word_1_70' title='bbox 400 1091 685 1155; x_wconf 90' lang='lat' dir='ltr'><strong>composuit</strong></span> <span class='ocrx_word' id='word_1_71' title='bbox 724 1093 920 1155; x_wconf 89' lang='lat' dir='ltr'><strong>sponda</strong></span> <span class='ocrx_word' id='word_1_72' title='bbox 957 1090 1278 1153; x_wconf 91' lang='lat' dir='ltr'><strong>mediamque</strong></span> <span class='ocrx_word' id='word_1_73' title='bbox 1314 1090 1508 1150; x_wconf 87' lang='lat' dir='ltr'><strong>locavit,</strong></span> 
     </span>
    </p>

    <p class='ocr_par' dir='ltr' id='par_1_12' title="bbox 216 1173 1465 1238">
     <span class='ocr_line' id='line_1_13' title="bbox 216 1173 1465 1238; baseline -0.002 -14"><span class='ocrx_word' id='word_1_74' title='bbox 216 1175 315 1224; x_wconf 89' lang='lat' dir='ltr'><strong>iam</strong></span> <span class='ocrx_word' id='word_1_75' title='bbox 351 1184 490 1238; x_wconf 90' lang='lat' dir='ltr'><strong>pater</strong></span> <span class='ocrx_word' id='word_1_76' title='bbox 526 1178 723 1224; x_wconf 90' lang='lat' dir='ltr'><strong>Aeneas</strong></span> <span class='ocrx_word' id='word_1_77' title='bbox 762 1184 811 1224; x_wconf 90' lang='lat' dir='ltr'><strong>et</strong></span> <span class='ocrx_word' id='word_1_78' title='bbox 847 1175 946 1223; x_wconf 91' lang='lat' dir='ltr'><strong>iam</strong></span> <span class='ocrx_word' id='word_1_79' title='bbox 983 1173 1201 1223; x_wconf 89' lang='lat' dir='ltr'><strong>Troiana</strong></span> <span class='ocrx_word' id='word_1_80' title='bbox 1236 1173 1465 1222; x_wconf 88' lang='lat' dir='ltr'><strong>iuventus</strong></span> 
     </span>
    </p>

    <p class='ocr_par' dir='ltr' id='par_1_13' title="bbox 217 1254 1568 1319">
     <span class='ocr_line' id='line_1_14' title="bbox 217 1254 1568 1319; baseline -0.001 -14"><span class='ocrx_word' id='word_1_81' title='bbox 217 1256 536 1319; x_wconf 90' lang='lat' dir='ltr'><strong>conveniunt,</strong></span> <span class='ocrx_word' id='word_1_82' title='bbox 579 1265 833 1319; x_wconf 90' lang='lat' dir='ltr'><strong>stratoque</strong></span> <span class='ocrx_word' id='word_1_83' title='bbox 871 1272 1018 1319; x_wconf 90' lang='lat' dir='ltr'><strong>super</strong></span> <span class='ocrx_word' id='word_1_84' title='bbox 1055 1254 1385 1304; x_wconf 90' lang='lat' dir='ltr'><strong>discumbitur</strong></span> <span class='ocrx_word' id='word_1_85' title='bbox 1421 1263 1568 1304; x_wconf 91' lang='lat' dir='ltr'><strong>ostro.</strong></span> 
     </span>
    </p>

    <p class='ocr_par' dir='ltr' id='par_1_14' title="bbox 217 1335 1715 1402">
     <span class='ocr_line' id='line_1_15' title="bbox 217 1335 1715 1402; baseline -0.003 -12"><span class='ocrx_word' id='word_1_86' title='bbox 217 1342 338 1390; x_wconf 90' lang='lat' dir='ltr'><strong>dant</strong></span> <span class='ocrx_word' id='word_1_87' title='bbox 375 1339 606 1388; x_wconf 90' lang='lat' dir='ltr'><strong>manibus</strong></span> <span class='ocrx_word' id='word_1_88' title='bbox 645 1338 817 1387; x_wconf 90' lang='lat' dir='ltr'><strong>famuli</strong></span> <span class='ocrx_word' id='word_1_89' title='bbox 855 1340 1081 1402; x_wconf 90' lang='lat' dir='ltr'><strong>lymphas</strong></span> <span class='ocrx_word' id='word_1_90' title='bbox 1120 1339 1454 1400; x_wconf 90' lang='lat' dir='ltr'><strong>Cereremque</strong></span> <span class='ocrx_word' id='word_1_91' title='bbox 1490 1335 1715 1386; x_wconf 88' lang='lat' dir='ltr'><strong>canistris</strong></span> 
     </span>
    </p>

    <p class='ocr_par' dir='ltr' id='par_1_15' title="bbox 217 1419 1431 1486">
     <span class='ocr_line' id='line_1_16' title="bbox 217 1419 1431 1486; baseline -0.002 -15"><span class='ocrx_word' id='word_1_92' title='bbox 217 1422 487 1486; x_wconf 86' lang='lat' dir='ltr'><strong>expediunt</strong></span> <span class='ocrx_word' id='word_1_93' title='bbox 525 1421 783 1484; x_wconf 90' lang='lat' dir='ltr'><strong>tonsisque</strong></span> <span class='ocrx_word' id='word_1_94' title='bbox 821 1423 984 1469; x_wconf 90' lang='lat' dir='ltr'><strong>ferunt</strong></span> <span class='ocrx_word' id='word_1_95' title='bbox 1022 1420 1257 1469; x_wconf 89' lang='lat' dir='ltr'><strong>mantelia</strong></span> <span class='ocrx_word' id='word_1_96' title='bbox 1292 1419 1431 1469; x_wconf 91' lang='lat' dir='ltr'><strong>villis.</strong></span> 
     </span>
    </p>

    <p class='ocr_par' dir='ltr' id='par_1_16' title="bbox 217 1501 1686 1567">
     <span class='ocr_line' id='line_1_17' title="bbox 217 1501 1686 1567; baseline -0.001 -16"><span class='ocrx_word' id='word_1_97' title='bbox 217 1501 577 1567; x_wconf 87' lang='lat' dir='ltr'><strong>quinquaginta</strong></span> <span class='ocrx_word' id='word_1_98' title='bbox 614 1501 747 1550; x_wconf 92' lang='lat' dir='ltr'><strong>intus</strong></span> <span class='ocrx_word' id='word_1_99' title='bbox 785 1504 1013 1561; x_wconf 88' lang='lat' dir='ltr'><strong>famulae,</strong></span> <span class='ocrx_word' id='word_1_100' title='bbox 1054 1501 1236 1564; x_wconf 92' lang='lat' dir='ltr'><strong>quibus</strong></span> <span class='ocrx_word' id='word_1_101' title='bbox 1274 1501 1449 1550; x_wconf 91' lang='lat' dir='ltr'><strong>ordine</strong></span> <span class='ocrx_word' id='word_1_102' title='bbox 1485 1503 1686 1564; x_wconf 90' lang='lat' dir='ltr'><strong>longam</strong></span> 
     </span>
    </p>

    <p class='ocr_par' dir='ltr' id='par_1_17' title="bbox 218 1582 1618 1648">
     <span class='ocr_line' id='line_1_18' title="bbox 218 1582 1618 1648; baseline -0.002 -14"><span class='ocrx_word' id='word_1_103' title='bbox 218 1602 334 1634; x_wconf 90' lang='lat' dir='ltr'><strong>cura</strong></span> <span class='ocrx_word' id='word_1_104' title='bbox 371 1602 559 1648; x_wconf 91' lang='lat' dir='ltr'><strong>penum</strong></span> <span class='ocrx_word' id='word_1_105' title='bbox 598 1593 783 1632; x_wconf 91' lang='lat' dir='ltr'><strong>struere</strong></span> <span class='ocrx_word' id='word_1_106' title='bbox 821 1592 870 1632; x_wconf 94' lang='lat' dir='ltr'><strong>et</strong></span> <span class='ocrx_word' id='word_1_107' title='bbox 906 1583 1119 1632; x_wconf 89' lang='lat' dir='ltr'><strong>flammis</strong></span> <span class='ocrx_word' id='word_1_108' title='bbox 1155 1585 1355 1632; x_wconf 91' lang='lat' dir='ltr'><strong>adolere</strong></span> <span class='ocrx_word' id='word_1_109' title='bbox 1391 1582 1618 1646; x_wconf 70' lang='lat' dir='ltr'><strong>penatis,</strong></span> 
     </span>
    </p>

    <p class='ocr_par' dir='ltr' id='par_1_18' title="bbox 219 1663 1570 1729">
     <span class='ocr_line' id='line_1_19' title="bbox 219 1663 1570 1729; baseline -0.003 -13"><span class='ocrx_word' id='word_1_110' title='bbox 219 1676 422 1716; x_wconf 89' lang='lat' dir='ltr'><strong>centum</strong></span> <span class='ocrx_word' id='word_1_111' title='bbox 458 1666 583 1715; x_wconf 92' lang='lat' dir='ltr'><strong>aliae</strong></span> <span class='ocrx_word' id='word_1_112' title='bbox 620 1665 933 1729; x_wconf 91' lang='lat' dir='ltr'><strong>totidemque</strong></span> <span class='ocrx_word' id='word_1_113' title='bbox 969 1683 1111 1729; x_wconf 92' lang='lat' dir='ltr'><strong>pares</strong></span> <span class='ocrx_word' id='word_1_114' title='bbox 1147 1675 1309 1714; x_wconf 90' lang='lat' dir='ltr'><strong>aetate</strong></span> <span class='ocrx_word' id='word_1_115' title='bbox 1346 1663 1570 1724; x_wconf 88' lang='lat' dir='ltr'><strong>ministri,</strong></span> 
     </span>
    </p>

    <p class='ocr_par' dir='ltr' id='par_1_19' title="bbox 219 1747 1575 1812">
     <span class='ocr_line' id='line_1_20' title="bbox 219 1747 1575 1812; baseline -0.002 -15"><span class='ocrx_word' id='word_1_116' title='bbox 219 1748 305 1812; x_wconf 91' lang='lat' dir='ltr'><strong>qui</strong></span> <span class='ocrx_word' id='word_1_117' title='bbox 341 1747 554 1811; x_wconf 90' lang='lat' dir='ltr'><strong>dapibus</strong></span> <span class='ocrx_word' id='word_1_118' title='bbox 593 1765 789 1796; x_wconf 91' lang='lat' dir='ltr'><strong>mensas</strong></span> <span class='ocrx_word' id='word_1_119' title='bbox 827 1756 1035 1796; x_wconf 90' lang='lat' dir='ltr'><strong>onerent</strong></span> <span class='ocrx_word' id='word_1_120' title='bbox 1072 1755 1121 1796; x_wconf 92' lang='lat' dir='ltr'><strong>et</strong></span> <span class='ocrx_word' id='word_1_121' title='bbox 1157 1748 1337 1810; x_wconf 90' lang='lat' dir='ltr'><strong>pocula</strong></span> <span class='ocrx_word' id='word_1_122' title='bbox 1372 1755 1575 1809; x_wconf 88' lang='lat' dir='ltr'><strong>ponant.</strong></span> 
     </span>
    </p>

    <p class='ocr_par' dir='ltr' id='par_1_20' title="bbox 219 1828 1522 1892">
     <span class='ocr_line' id='line_1_21' title="bbox 219 1828 1522 1892; baseline -0.002 -13"><span class='ocrx_word' id='word_1_123' title='bbox 219 1847 313 1879; x_wconf 90' lang='lat' dir='ltr'><strong>nec</strong></span> <span class='ocrx_word' id='word_1_124' title='bbox 349 1847 452 1879; x_wconf 92' lang='lat' dir='ltr'><strong>non</strong></span> <span class='ocrx_word' id='word_1_125' title='bbox 489 1838 538 1878; x_wconf 92' lang='lat' dir='ltr'><strong>et</strong></span> <span class='ocrx_word' id='word_1_126' title='bbox 575 1829 710 1892; x_wconf 91' lang='lat' dir='ltr'><strong>Tyrii</strong></span> <span class='ocrx_word' id='word_1_127' title='bbox 746 1846 833 1892; x_wconf 94' lang='lat' dir='ltr'><strong>per</strong></span> <span class='ocrx_word' id='word_1_128' title='bbox 870 1828 1041 1877; x_wconf 92' lang='lat' dir='ltr'><strong>limina</strong></span> <span class='ocrx_word' id='word_1_129' title='bbox 1077 1831 1205 1877; x_wconf 91' lang='lat' dir='ltr'><strong>laeta</strong></span> <span class='ocrx_word' id='word_1_130' title='bbox 1239 1831 1522 1892; x_wconf 89' lang='lat' dir='ltr'><strong>frequentes</strong></span> 
     </span>
    </p>

    <p class='ocr_par' dir='ltr' id='par_1_21' title="bbox 218 1910 1370 1973">
     <span class='ocr_line' id='line_1_22' title="bbox 218 1910 1370 1973; baseline -0.003 -12"><span class='ocrx_word' id='word_1_131' title='bbox 218 1929 510 1971; x_wconf 86' lang='lat' dir='ltr'><strong>convenere,</strong></span> <span class='ocrx_word' id='word_1_132' title='bbox 551 1910 668 1959; x_wconf 91' lang='lat' dir='ltr'><strong>toris</strong></span> <span class='ocrx_word' id='word_1_133' title='bbox 707 1910 826 1959; x_wconf 91' lang='lat' dir='ltr'><strong>iussi</strong></span> <span class='ocrx_word' id='word_1_134' title='bbox 863 1911 1177 1960; x_wconf 89' lang='lat' dir='ltr'><strong>discumbere</strong></span> <span class='ocrx_word' id='word_1_135' title='bbox 1214 1910 1370 1973; x_wconf 90' lang='lat' dir='ltr'><strong>pictis.</strong></span> 
     </span>
    </p>

    <p class='ocr_par' dir='ltr' id='par_1_22' title="bbox 218 1987 1377 2052">
     <span class='ocr_line' id='line_1_23' title="bbox 218 1987 1377 2052; baseline -0.002 -11"><span class='ocrx_word' id='word_1_136' title='bbox 218 1987 456 2041; x_wconf 89' lang='lat' dir='ltr'><strong>mirantur</strong></span> <span class='ocrx_word' id='word_1_137' title='bbox 494 1995 627 2042; x_wconf 91' lang='lat' dir='ltr'><strong>dona</strong></span> <span class='ocrx_word' id='word_1_138' title='bbox 665 1995 881 2052; x_wconf 90' lang='lat' dir='ltr'><strong>Aeneae,</strong></span> <span class='ocrx_word' id='word_1_139' title='bbox 923 1992 1160 2041; x_wconf 91' lang='lat' dir='ltr'><strong>mirantur</strong></span> <span class='ocrx_word' id='word_1_140' title='bbox 1198 1994 1377 2051; x_wconf 91' lang='lat' dir='ltr'><strong>Iulum,</strong></span> 
     </span>
    </p>

    <p class='ocr_par' dir='ltr' id='par_1_23' title="bbox 218 2074 1455 2138">
     <span class='ocr_line' id='line_1_24' title="bbox 218 2074 1455 2138; baseline -0.002 -15"><span class='ocrx_word' id='word_1_141' title='bbox 218 2075 566 2138; x_wconf 90' lang='lat' dir='ltr'><strong>flagrantisque</strong></span> <span class='ocrx_word' id='word_1_142' title='bbox 605 2074 686 2123; x_wconf 92' lang='lat' dir='ltr'><strong>dei</strong></span> <span class='ocrx_word' id='word_1_143' title='bbox 725 2076 888 2123; x_wconf 86' lang='lat' dir='ltr'><strong>vultus</strong></span> <span class='ocrx_word' id='word_1_144' title='bbox 928 2074 1257 2137; x_wconf 89' lang='lat' dir='ltr'><strong>simulataque</strong></span> <span class='ocrx_word' id='word_1_145' title='bbox 1292 2074 1455 2132; x_wconf 90' lang='lat' dir='ltr'><strong>verba,</strong></span> 
     </span>
    </p>

    <p class='ocr_par' dir='ltr' id='par_1_24' title="bbox 218 2156 1559 2219">
     <span class='ocr_line' id='line_1_25' title="bbox 218 2156 1559 2219; baseline -0.001 -15"><span class='ocrx_word' id='word_1_146' title='bbox 218 2158 500 2219; x_wconf 87' lang='lat' dir='ltr'><strong>pallamque</strong></span> <span class='ocrx_word' id='word_1_147' title='bbox 538 2166 586 2205; x_wconf 94' lang='lat' dir='ltr'><strong>et</strong></span> <span class='ocrx_word' id='word_1_148' title='bbox 623 2156 814 2219; x_wconf 92' lang='lat' dir='ltr'><strong>pictum</strong></span> <span class='ocrx_word' id='word_1_149' title='bbox 853 2173 1031 2205; x_wconf 91' lang='lat' dir='ltr'><strong>croceo</strong></span> <span class='ocrx_word' id='word_1_150' title='bbox 1067 2158 1296 2204; x_wconf 89' lang='lat' dir='ltr'><strong>velamen</strong></span> <span class='ocrx_word' id='word_1_151' title='bbox 1330 2156 1559 2204; x_wconf 89' lang='lat' dir='ltr'><strong>acantho.</strong></span> 
     </span>
    </p>

    <p class='ocr_par' dir='ltr' id='par_1_25' title="bbox 219 2237 1327 2300">
     <span class='ocr_line' id='line_1_26' title="bbox 219 2237 1327 2300; baseline 0 -15"><span class='ocrx_word' id='word_1_152' title='bbox 219 2237 482 2300; x_wconf 91' lang='lat' dir='ltr'><strong>praecipue</strong></span> <span class='ocrx_word' id='word_1_153' title='bbox 518 2237 699 2297; x_wconf 88' lang='lat' dir='ltr'><strong>infelix,</strong></span> <span class='ocrx_word' id='word_1_154' title='bbox 740 2237 867 2300; x_wconf 91' lang='lat' dir='ltr'><strong>pesti</strong></span> <span class='ocrx_word' id='word_1_155' title='bbox 905 2239 1086 2286; x_wconf 90' lang='lat' dir='ltr'><strong>devota</strong></span> <span class='ocrx_word' id='word_1_156' title='bbox 1122 2239 1327 2296; x_wconf 91' lang='lat' dir='ltr'><strong>futurae,</strong></span> 
     </span>
    </p>

    <p class='ocr_par' dir='ltr' id='par_1_26' title="bbox 219 2318 1448 2382">
     <span class='ocr_line' id='line_1_27' title="bbox 219 2318 1448 2382; baseline 0.001 -16"><span class='ocrx_word' id='word_1_157' title='bbox 219 2319 402 2382; x_wconf 87' lang='lat' dir='ltr'><strong>expleri</strong></span> <span class='ocrx_word' id='word_1_158' title='bbox 438 2328 659 2368; x_wconf 91' lang='lat' dir='ltr'><strong>mentem</strong></span> <span class='ocrx_word' id='word_1_159' title='bbox 701 2319 872 2382; x_wconf 90' lang='lat' dir='ltr'><strong>nequit</strong></span> <span class='ocrx_word' id='word_1_160' title='bbox 910 2318 1223 2382; x_wconf 91' lang='lat' dir='ltr'><strong>ardescitque</strong></span> <span class='ocrx_word' id='word_1_161' title='bbox 1259 2319 1448 2367; x_wconf 89' lang='lat' dir='ltr'><strong>tuendo</strong></span> 
     </span>
    </p>

    <p class='ocr_par' dir='ltr' id='par_1_27' title="bbox 221 2401 1565 2466">
     <span class='ocr_line' id='line_1_28' title="bbox 221 2401 1565 2466; baseline -0.001 -17"><span class='ocrx_word' id='word_1_162' title='bbox 221 2401 506 2462; x_wconf 91' lang='lat' dir='ltr'><strong>Phoenissa,</strong></span> <span class='ocrx_word' id='word_1_163' title='bbox 547 2412 595 2451; x_wconf 90' lang='lat' dir='ltr'><strong>et</strong></span> <span class='ocrx_word' id='word_1_164' title='bbox 632 2402 811 2466; x_wconf 89' lang='lat' dir='ltr'><strong>pariter</strong></span> <span class='ocrx_word' id='word_1_165' title='bbox 849 2419 1004 2465; x_wconf 91' lang='lat' dir='ltr'><strong>puero</strong></span> <span class='ocrx_word' id='word_1_166' title='bbox 1043 2401 1290 2464; x_wconf 90' lang='lat' dir='ltr'><strong>donisque</strong></span> <span class='ocrx_word' id='word_1_167' title='bbox 1326 2410 1565 2449; x_wconf 85' lang='lat' dir='ltr'><strong>movetur.</strong></span> 
     </span>
    </p>

    <p class='ocr_par' dir='ltr' id='par_1_28' title="bbox 219 2482 1513 2547">
     <span class='ocr_line' id='line_1_29' title="bbox 219 2482 1513 2547; baseline 0.001 -17"><span class='ocrx_word' id='word_1_168' title='bbox 219 2482 300 2531; x_wconf 91' lang='lat' dir='ltr'><strong>ille</strong></span> <span class='ocrx_word' id='word_1_169' title='bbox 337 2482 424 2531; x_wconf 92' lang='lat' dir='ltr'><strong>ubi</strong></span> <span class='ocrx_word' id='word_1_170' title='bbox 461 2486 723 2547; x_wconf 85' lang='lat' dir='ltr'><strong>complexu</strong></span> <span class='ocrx_word' id='word_1_171' title='bbox 764 2487 967 2533; x_wconf 89' lang='lat' dir='ltr'><strong>Aeneae</strong></span> <span class='ocrx_word' id='word_1_172' title='bbox 1006 2485 1238 2546; x_wconf 92' lang='lat' dir='ltr'><strong>colloque</strong></span> <span class='ocrx_word' id='word_1_173' title='bbox 1274 2482 1513 2546; x_wconf 89' lang='lat' dir='ltr'><strong>pependit</strong></span> 
     </span>
    </p>

    <p class='ocr_par' dir='ltr' id='par_1_29' title="bbox 222 2565 1486 2631">
     <span class='ocr_line' id='line_1_30' title="bbox 222 2565 1486 2631; baseline 0 -18"><span class='ocrx_word' id='word_1_174' title='bbox 222 2574 268 2613; x_wconf 91' lang='lat' dir='ltr'><strong>et</strong></span> <span class='ocrx_word' id='word_1_175' title='bbox 305 2582 540 2628; x_wconf 90' lang='lat' dir='ltr'><strong>magnum</strong></span> <span class='ocrx_word' id='word_1_176' title='bbox 577 2566 686 2615; x_wconf 88' lang='lat' dir='ltr'><strong>falsi</strong></span> <span class='ocrx_word' id='word_1_177' title='bbox 723 2566 945 2631; x_wconf 88' lang='lat' dir='ltr'><strong>implevit</strong></span> <span class='ocrx_word' id='word_1_178' title='bbox 982 2565 1215 2629; x_wconf 91' lang='lat' dir='ltr'><strong>genitoris</strong></span> <span class='ocrx_word' id='word_1_179' title='bbox 1251 2582 1486 2624; x_wconf 89' lang='lat' dir='ltr'><strong>amorem,</strong></span> 
     </span>
    </p>

    <p class='ocr_par' dir='ltr' id='par_1_30' title="bbox 222 2647 1622 2711">
     <span class='ocr_line' id='line_1_31' title="bbox 222 2647 1622 2711; baseline 0 -16"><span class='ocrx_word' id='word_1_180' title='bbox 222 2647 439 2711; x_wconf 91' lang='lat' dir='ltr'><strong>reginam</strong></span> <span class='ocrx_word' id='word_1_181' title='bbox 475 2648 611 2711; x_wconf 91' lang='lat' dir='ltr'><strong>petit.</strong></span> <span class='ocrx_word' id='word_1_182' title='bbox 687 2651 811 2698; x_wconf 88' lang='lat' dir='ltr'><strong>haec</strong></span> <span class='ocrx_word' id='word_1_183' title='bbox 849 2649 1019 2708; x_wconf 92' lang='lat' dir='ltr'><strong>oculis,</strong></span> <span class='ocrx_word' id='word_1_184' title='bbox 1061 2650 1185 2697; x_wconf 91' lang='lat' dir='ltr'><strong>haec</strong></span> <span class='ocrx_word' id='word_1_185' title='bbox 1221 2657 1422 2711; x_wconf 91' lang='lat' dir='ltr'><strong>pectore</strong></span> <span class='ocrx_word' id='word_1_186' title='bbox 1459 2656 1566 2696; x_wconf 91' lang='lat' dir='ltr'><strong>toto</strong></span> <span class='ocrx_word' id='word_1_187' title='bbox 1616 2673 1622 2679; x_wconf 93' lang='lat'><em>-</em></span> 
     </span>
    </p>
   </div>
   <div class='ocr_carea' id='block_1_3' title="bbox 1813 446 1896 500">
    <p class='ocr_par' dir='ltr' id='par_1_31' title="bbox 1813 446 1896 500">
     <span class='ocr_line' id='line_1_32' title="bbox 1813 446 1896 500; baseline 0 -12"><span class='ocrx_word' id='word_1_188' title='bbox 1813 446 1896 500; x_wconf 90' lang='lat'><strong>690</strong></span> 
     </span>
    </p>
   </div>
   <div class='ocr_carea' id='block_1_4' title="bbox 1818 1681 1894 1726">
    <p class='ocr_par' dir='ltr' id='par_1_32' title="bbox 1818 1681 1894 1726">
     <span class='ocr_line' id='line_1_33' title="bbox 1818 1681 1894 1726; baseline -0.013 0"><span class='ocrx_word' id='word_1_189' title='bbox 1818 1681 1894 1726; x_wconf 85' lang='lat'><strong>705</strong></span> 
     </span>
    </p>
   </div>
   <div class='ocr_carea' id='block_1_5' title="bbox 1818 2089 1899 2134">
    <p class='ocr_par' dir='ltr' id='par_1_33' title="bbox 1818 2089 1899 2134">
     <span class='ocr_line' id='line_1_34' title="bbox 1818 2089 1899 2134; baseline 0 -14"><span class='ocrx_word' id='word_1_190' title='bbox 1818 2089 1899 2134; x_wconf 83' lang='lat'><strong>710</strong></span> 
     </span>
    </p>
   </div>
   <div class='ocr_carea' id='block_1_6' title="bbox 1774 2460 1895 2544">
    <p class='ocr_par' dir='ltr' id='par_1_34' title="bbox 1774 2460 1895 2544">
     <span class='ocr_line' id='line_1_35' title="bbox 1774 2460 1895 2544; baseline -0.008 0"><span class='ocrx_word' id='word_1_191' title='bbox 1774 2460 1776 2462; x_wconf 44' lang='lat'>&gt;</span> <span class='ocrx_word' id='word_1_192' title='bbox 1820 2499 1895 2544; x_wconf 83' lang='lat'><strong>715</strong></span> 
     </span>
    </p>
   </div>
   <div class='ocr_carea' id='block_1_7' title="bbox 222 2774 1899 2996">
    <p class='ocr_par' dir='ltr' id='par_1_35' title="bbox 222 2774 1899 2996">
     <span class='ocr_line' id='line_1_36' title="bbox 275 2774 1899 2829; baseline -0.002 -13"><span class='ocrx_word' id='word_1_193' title='bbox 275 2778 463 2827; x_wconf 85' lang='lat'>688-717</span> <span class='ocrx_word' id='word_1_194' title='bbox 491 2777 660 2818; x_wconf 86' lang='lat' dir='ltr'><em>GMPR</em></span> <span class='ocrx_word' id='word_1_195' title='bbox 875 2792 964 2829; x_wconf 83' lang='lat'><strong>700,</strong></span> <span class='ocrx_word' id='word_1_196' title='bbox 985 2778 1187 2828; x_wconf 79' lang='lat'><strong>709—716‚</strong></span> <span class='ocrx_word' id='word_1_197' title='bbox 1213 2778 1402 2826; x_wconf 85' lang='lat'>701-708</span> <span class='ocrx_word' id='word_1_198' title='bbox 1431 2777 1505 2815; x_wconf 82' lang='lat' dir='ltr'><strong>hoc</strong></span> <span class='ocrx_word' id='word_1_199' title='bbox 1521 2775 1658 2814; x_wconf 83' lang='lat' dir='ltr'><strong>ordine</strong></span> <span class='ocrx_word' id='word_1_200' title='bbox 1675 2775 1829 2814; x_wconf 79' lang='lat' dir='ltr'><strong>exhibet</strong></span> <span class='ocrx_word' id='word_1_201' title='bbox 1843 2774 1899 2813; x_wconf 92' lang='lat' dir='ltr'><em>M</em></span> 
     </span>
     <span class='ocr_line' id='line_1_37' title="bbox 223 2829 1899 2884; baseline -0.002 -13"><span class='ocrx_word' id='word_1_202' title='bbox 223 2845 297 2881; x_wconf 92' lang='lat'><strong>701</strong></span> <span class='ocrx_word' id='word_1_203' title='bbox 322 2833 503 2871; x_wconf 84' lang='lat' dir='ltr'><strong>famulae</strong></span> <span class='ocrx_word' id='word_1_204' title='bbox 521 2832 656 2884; x_wconf 67' lang='lat' dir='ltr'><strong>MP7¹1</strong></span> <span class='ocrx_word' id='word_1_205' title='bbox 771 2846 850 2883; x_wconf 88' lang='lat'><strong>703</strong></span> <span class='ocrx_word' id='word_1_206' title='bbox 870 2834 1042 2884; x_wconf 87' lang='lat' dir='ltr'><strong>longam</strong></span> <span class='ocrx_word' id='word_1_207' title='bbox 1062 2832 1276 2872; x_wconf 80' lang='lat' dir='ltr'><strong>Charisius</strong></span> <span class='ocrx_word' id='word_1_208' title='bbox 1290 2832 1473 2883; x_wconf 84' lang='lat' dir='ltr'><strong>agnoscit</strong></span> <span class='ocrx_word' id='word_1_209' title='bbox 1485 2831 1542 2869; x_wconf 82' lang='lat' dir='ltr'><strong>A.</strong></span> <span class='ocrx_word' id='word_1_210' title='bbox 1563 2830 1738 2870; x_wconf 85' lang='lat' dir='ltr'><strong>Gellius:</strong></span> <span class='ocrx_word' id='word_1_211' title='bbox 1765 2829 1899 2879; x_wconf 72' lang='lat' dir='ltr'><strong>longov</strong></span> 
     </span>
     <span class='ocr_line' id='line_1_38' title="bbox 222 2883 1899 2938; baseline -0.002 -13"><span class='ocrx_word' id='word_1_212' title='bbox 222 2886 366 2926; x_wconf 80' lang='lat' dir='ltr'><strong>codices</strong></span> <span class='ocrx_word' id='word_1_213' title='bbox 394 2887 508 2927; x_wconf 78' lang='lat' dir='ltr'><strong>Serv.</strong></span> <span class='ocrx_word' id='word_1_214' title='bbox 681 2889 761 2937; x_wconf 89' lang='lat'><strong>706</strong></span> <span class='ocrx_word' id='word_1_215' title='bbox 789 2895 971 2928; x_wconf 88' lang='lat' dir='ltr'><strong>onerant</strong></span> <span class='ocrx_word' id='word_1_216' title='bbox 988 2919 996 2927; x_wconf 87' lang='lat'><strong><em>.</em></strong></span> <span class='ocrx_word' id='word_1_217' title='bbox 1015 2918 1023 2927; x_wconf 92' lang='lat'><strong><em>.</em></strong></span> <span class='ocrx_word' id='word_1_218' title='bbox 1041 2919 1049 2927; x_wconf 91' lang='lat'><strong>.</strong></span> <span class='ocrx_word' id='word_1_219' title='bbox 1068 2893 1235 2938; x_wconf 89' lang='lat' dir='ltr'><strong>ponunt</strong></span> <span class='ocrx_word' id='word_1_220' title='bbox 1268 2886 1347 2925; x_wconf 89' lang='lat' dir='ltr'><strong>GR</strong></span> <span class='ocrx_word' id='word_1_221' title='bbox 1514 2886 1594 2934; x_wconf 89' lang='lat'><strong>708</strong></span> <span class='ocrx_word' id='word_1_222' title='bbox 1615 2883 1780 2935; x_wconf 81' lang='lat' dir='ltr'><strong>plenius</strong></span> <span class='ocrx_word' id='word_1_223' title='bbox 1801 2886 1899 2935; x_wconf 78' lang='lat' dir='ltr'><strong>post</strong></span> 
     </span>
     <span class='ocr_line' id='line_1_39' title="bbox 222 2938 1898 2996; baseline -0.001 -17"><span class='ocrx_word' id='word_1_224' title='bbox 222 2954 462 2983; x_wconf 88' lang='lat' dir='ltr'><strong>convenere</strong></span> <span class='ocrx_word' id='word_1_225' title='bbox 494 2944 748 2996; x_wconf 81' lang='lat' dir='ltr'><strong>interpungit</strong></span> <span class='ocrx_word' id='word_1_226' title='bbox 772 2942 961 2983; x_wconf 76' lang='lat' dir='ltr'><strong>Deuticke</strong></span> <span class='ocrx_word' id='word_1_227' title='bbox 993 2944 1090 2996; x_wconf 86' lang='lat'>(189</span> <span class='ocrx_word' id='word_1_228' title='bbox 1098 2941 1137 2995; x_wconf 72' lang='grc' dir='ltr'><strong>ι)</strong></span> <span class='ocrx_word' id='word_1_229' title='bbox 1168 2942 1244 2993; x_wconf 87' lang='lat' dir='ltr'><strong>qui</strong></span> <span class='ocrx_word' id='word_1_230' title='bbox 1265 2941 1427 2980; x_wconf 83' lang='lat' dir='ltr'><strong>Petron.</strong></span> <span class='ocrx_word' id='word_1_231' title='bbox 1458 2953 1507 2979; x_wconf 88' lang='lat'><strong>21</strong></span> <span class='ocrx_word' id='word_1_232' title='bbox 1538 2939 1697 2989; x_wconf 85' lang='lat' dir='ltr'><strong>confert,</strong></span> <span class='ocrx_word' id='word_1_233' title='bbox 1715 2938 1898 2988; x_wconf 75' lang='lat' dir='ltr'><strong>fortasse</strong></span> 
     </span>
    </p>
   </div>
   <div class='ocr_carea' id='block_1_8' title="bbox 223 3001 318 3034">
    <p class='ocr_par' dir='ltr' id='par_1_36' title="bbox 223 3001 318 3034">
     <span class='ocr_line' id='line_1_40' title="bbox 223 3001 318 3034; baseline 0 0"><span class='ocrx_word' id='word_1_234' title='bbox 223 3001 318 3034; x_wconf 84' lang='lat' dir='ltr'><em>recte</em></span> 
     </span>
    </p>
   </div>
  </div>
 </body>
</html>
