2014 3372
233 144 285 190 P.
326 143 625 192 VERGILI
668 131 994 195 MARO‘NIS

232 283 368 344 ostia,
410 283 548 334 dives
588 301 742 348 opum
785 284 1060 348 studiisque
1098 285 1366 348 asperrima
1401 286 1518 336 belli
1533 305 1548 348 3

231 382 381 429 quam
421 368 550 415 Iuno
587 368 736 415 fertur
775 366 911 415 terris
952 365 1107 430 magis
1145 367 1377 416 omnibus
1414 385 1565 416 unam

229 447 514 511 posthabita
550 448 762 498 coluisse
803 451 984 498 Samo:
1037 449 1117 498 hic
1154 449 1282 498 illius
1320 467 1469 510 arma,

230 529 310 579 hic
347 547 516 579 currus
552 529 678 591 fuit3
729 532 827 580 hoc
869 548 1075 595 regnum
1116 533 1211 580 dea
1245 530 1476 595 gentibus
1516 549 1637 592 esse,

229 611 269 660 si
306 628 404 675 qua
439 613 539 660 fata
575 611 752 672 sinant,
795 611 893 660 iam
935 621 1041 661 tum
1081 611 1341 676 tenditque
1376 614 1622 676 fovetque.

228 693 516 758 progeniem
553 695 642 743 sed
681 693 816 742 enirn
857 694 1076 743 Troiano
1115 711 1144 742 a
1183 693 1420 758 sanguine
1456 693 1574 744 duci

227 775 449 824 audierat
485 774 657 838 Tyrias
695 775 815 823 olim
856 792 983 838 quae
1020 784 1228 824 verteret
1263 792 1435 836 arces;

227 856 344 906 hinc
380 859 623 921 populum
659 859 757 906 late
796 875 961 921 regem
1002 858 1235 921 belloque
1273 857 1541 921 superbum

226 947 489 987 venturum
527 938 720 987 excidio
761 938 981 1002 Libyae:
1036 938 1105 987 sic
1144 939 1339 987 volvere
1377 942 1567 988 Parcas.

226 1020 278 1071 id
314 1031 542 1070 metuens
579 1022 856 1085 veterisque
900 1038 1092 1070 memor
1130 1021 1357 1070 Saturnia
1393 1021 1523 1082 belli,

225 1101 384 1164 prima
421 1104 558 1166 quod
594 1104 659 1151 ad
699 1102 901 1152 Troiam
940 1120 1031 1165 pro
1072 1101 1193 1151 caris
1230 1112 1445 1166 gesserat
1480 1101 1623 1166 Argis

227 1183 466 1249 (necdum
503 1184 652 1233 etiam
691 1201 869 1233 causae
909 1184 1087 1232 irarum
1130 1183 1362 1247 saevique
1399 1185 1596 1232 dolores

225 1265 509 1315 exciderant
544 1266 749 1326 animo‚·
801 1275 969 1314 manet
1008 1268 1106 1314 alta
1145 1274 1313 1315 mente
1350 1274 1603 1328 repostum

224 1346 464 1397 iudicium
502 1347 691 1397 Paridis
730 1357 1022 1412 spretaeque
1062 1347 1238 1396 iniuria
1275 1349 1462 1397 formae

224 1439 272 1480 et
307 1447 463 1494 genus
499 1429 712 1479 invisum
753 1440 802 1479 et
839 1430 964 1493 rapti
1007 1429 1312 1493 Ganymedis
1351 1428 1660 1494 honores)—

223 1511 300 1560 his
336 1529 546 1561 accensa
583 1529 729 1576 super
766 1512 973 1561 iactatos
1015 1528 1231 1574 aequore
1269 1520 1375 1560 toto

223 1595 394 1653 Troas,
434 1593 663 1657 reliquias
707 1596 939 1642 Danaum
977 1601 1127 1656 atque
1168 1592 1370 1641 immitis
1407 1591 1604 1653 Achilli,

221 1676 421 1725 arcebat
457 1677 604 1739 longe
642 1675 799 1735 Latio,
843 1677 1126 1738 multosque
1166 1692 1253 1738 per
1288 1691 1447 1723 annos

223 1757 450 1805 errabant
486 1756 583 1805 acti
619 1757 730 1806 fatis
768 1756 922 1805 maria
962 1755 1131 1805 omnia
1170 1755 1368 1804 circum.

222 1846 388 1886 tantae
425 1838 570 1886 molis
607 1847 709 1887 erat
747 1840 1031 1887 Romanam
1075 1839 1290 1887 condere
1325 1846 1538 1901 gentem.

289 1919 385 1968 Vix
422 1937 448 1968 e
485 1929 758 1984 conspectu
796 1920 991 1969 Siculae
1031 1919 1215 1968 telluris
1254 1919 1304 1967 in
1341 1922 1496 1968 altum

221 2003 330 2050 vela
366 2002 554 2051 dabant
589 2001 704 2051 laeti
740 2011 789 2051 et
827 2018 1027 2066 spumas
1068 2001 1181 2050 salis
1218 2018 1330 2050 aere
1367 2001 1589 2060 ruebant,

222 2100 336 2132 cum
376 2086 506 2132 Iuno
542 2093 798 2133 aeternum
836 2100 1034 2133 servans
1074 2083 1168 2132 sub
1204 2092 1404 2146 pectore
1440 2084 1618 2130 vulnus

221 2167 344 2214 haec
382 2182 581 2214 secum:
634 2170 808 2214 ‘mene
847 2166 1047 2228 incepto
1090 2165 1324 2214 desistere
1364 2163 1544 2212 victam

220 2263 314 2296 nec
350 2264 497 2311 posse
536 2247 679 2296 Italia
715 2250 1023 2296 Teucrorum
1063 2257 1280 2297 avertere
1318 2249 1523 2311 regem?

221 2328 406 2392 quippe
442 2337 580 2378 vetor
615 2328 739 2378 fatis.
815 2331 1042 2378 Pallasne
1082 2346 1282 2379 exurere
1319 2331 1526 2377 classem

220 2409 458 2474 Argivum
494 2419 643 2473 atque
679 2410 813 2474 ipsos
852 2410 1014 2474 potuit
1051 2427 1381 2474 summergere
1417 2417 1574 2472 ponto

221 2490 366 2539 unius
404 2492 471 2539 ob
507 2508 688 2540 noxam
725 2501 773 2541 et
809 2492 957 2542 furias
998 2492 1166 2542 Aiacis
1206 2491 1375 2542 Oilei?

220 2572 326 2636 ipsa
364 2572 496 2621 Iovis
533 2572 760 2636 rapidum
798 2573 1009 2623 iaculata
1047 2592 1074 2624 e
1113 2572 1331 2622 nubibus
1367 2571 1532 2636 ignem

220 2652 514 2717 disiecitque
550 2663 676 2703 rates
714 2656 986 2719 evertitque
1026 2664 1242 2719 aequora
1276 2652 1449 2712 ventis,

208 2734 359 2799 ,illum
396 2734 725 2799 exspirantem
765 2737 996 2785 transfixo
1035 2744 1235 2799 pectore
1270 2736 1495 2782 flammas

1863 389 1912 430 15

1859 794 1911 823 20

1805 1204 1907 1246 *25

1857 1611 1908 1650 30

1811 2020 1901 2061 ’35

1846 2428 1901 2468 40

280 2867 413 2914 14-26
433 2865 593 2916 MRV3
625 2879 676 2916 27
691 2879 759 2916 -44
783 2865 876 2904 MR
1113 2866 1162 2904 18
1192 2863 1338 2903 sinunt
1359 2861 1426 2901 M1
1594 2873 1658 2911 21,
1683 2872 1736 2900 22
1754 2865 1894 2912 super-

205 2933 415 2962 .vacaneos
434 2934 515 2966 esse
536 2921 748 2960 adnotavit
768 2920 932 2959 Probus
952 2923 1044 2959 teste
1062 2918 1117 2959 D.
1142 2918 1256 2958 Serv.
1422 2930 1475 2966 44
1495 2914 1692 2967 pectore]
1708 2913 1894 2957 Probum

221 2981 414 3026 tempore
437 2976 575 3027 legisse
595 2975 685 3014 dia't
703 2975 757 3013 D.
783 2973 898 3014 Serv.
