2014 3372
211 165 576 214 AENEIDOS
614 167 691 214 XI

211 306 475 370 (monstrat
509 323 650 354 amor
684 322 827 355 verus
862 307 1063 369 patriae,
1102 313 1157 355 ut
1192 304 1359 354 videre
1396 303 1682 369 Camillam)
1756 304 1765 307 ”

209 391 309 438 tela
344 407 496 437 manu
533 388 756 451 trepidae
792 387 978 437 iaciunt
1013 405 1072 437 ac
1108 388 1286 437 robore
1323 390 1448 437 duro

212 470 460 533 stipitibus
498 472 680 518 ferrum
718 469 1029 533 sudibusque
1065 469 1320 518 imitantur
1356 468 1547 519 obustis

210 552 519 616 praecipites,
558 549 848 615 primaeque
885 552 1011 600 mori
1047 568 1137 615 pro
1175 551 1438 600 moenibus
1474 553 1662 601 ardent.

282 635 479 682 Interea
514 636 743 681 Turnum
779 632 831 680 in
868 632 1000 681 silvis
1038 632 1351 682 saevissimus
1388 633 1561 696 implet

213 714 417 764 nuntius
454 724 503 763 et
540 714 706 763 iuveni
742 714 996 777 ingentem
1033 716 1126 763 fert
1161 717 1299 763 Acca
1335 716 1634 764 tumultum:

213 799 400 846 deletas
437 799 738 846 Volscorum
774 795 920 856 acies,
961 795 1203 845 cecidisse
1245 795 1522 854 Camillam,

211 878 436 942 ingruere
473 878 693 928 infensos
730 877 887 926 hostis
925 886 974 926 et
1013 880 1176 926 Marte
1213 879 1436 926 secundo

212 960 381 1009 omnia
417 959 726 1023 corripuisse,
767 969 958 1008 metum
980 958 1094 1007 ‘iam
1130 961 1195 1008 ad
1233 957 1432 1007 moenia
1468 958 1592 1008 ferri.

211 1042 294 1091 ille
330 1044 497 1092 furens
537 1042 606 1108 (et
643 1059 789 1091 saeva
828 1041 962 1091 Iovis
1000 1041 1070 1090 sic
1106 1040 1313 1089 numina
1348 1040 1583 1105 poscunt)

212 1125 394 1174 deserit
430 1126 661 1174 obsessos
699 1123 852 1185 collis,
894 1141 1100 1173 nemora
1134 1140 1307 1186 aspera
1343 1122 1534 1187 linquit.

212 1208 291 1255 vix
328 1224 356 1256 e
391 1216 665 1271 conspectu
702 1206 885 1256 exierat
922 1222 1258 1269 campumque
1295 1205 1509 1265 tenebat,

213 1306 328 1338 cum
365 1298 504 1352 pater
539 1292 738 1338 Aeneas
775 1291 927 1338 saltus
964 1288 1211 1352 ingressus
1248 1296 1445 1351 apertos

214 1379 574 1434 exsuperatque
611 1370 782 1434 iugum
819 1370 1041 1434 silvaque
1078 1369 1243 1418 evadit
1280 1386 1448 1432 opaca.

213 1452 283 1502 sic
320 1454 471 1502 ambo
507 1455 573 1502 ad
611 1470 778 1502 muros
816 1452 976 1516 rapidi
1013 1461 1222 1514 totoque
1258 1453 1482 1500 feruntur

213 1535 411 1598 agmine
448 1552 542 1584 nec
578 1534 739 1597 longis
776 1534 903 1583 inter
940 1551 993 1583 se
1029 1533 1256 1598 passibus
1293 1534 1475 1582 absunt
1493 1552 1507 1594 5

212 1633 271 1665 ac
308 1616 455 1665 simul
491 1619 690 1665 Aeneas
727 1615 963 1664 fumantis
1001 1617 1202 1679 pulvere
1239 1631 1444 1679 campos

212 1697 463 1762 prospexit
499 1700 647 1761 longe
685 1698 1053 1761 Laurentiaque
1089 1696 1288 1760 agmina
1322 1696 1458 1757 vidit,

213 1789 262 1828 et
299 1797 501 1828 saevum
537 1783 747 1829 Aenean
783 1779 984 1843 agnovit
1021 1781 1220 1828 Turnus
1257 1778 1308 1827 in
1344 1778 1491 1828 armis

212 1863 585 1924 adventumque
622 1863 809 1924 pedum
850 1863 1096 1924 flatusque
1133 1860 1321 1909 audivit
1358 1877 1614 1923 equorum.

211 1943 553 2007 continuoque
591 1943 760 1992 ineant
799 1960 989 2007 pugnas
1029 1952 1078 1992 et
1116 1942 1303 2006 proelia
1339 1951 1596 2006 temptent,

212 2026 263 2074 ni
300 2043 469 2074 roseus
506 2028 663 2075 fessos
701 2026 801 2074 iam
840 2025 1030 2089 gurgite
1070 2025 1305 2074 Phoebus
1345 2024 1540 2072 Hibero

211 2107 367 2170 tingat
404 2125 560 2171 equos
600 2117 903 2171 noctemque
940 2106 1022 2157 die
1059 2107 1258 2155 labente
1295 2107 1511 2155 reducat.

213 2189 481 2239 considunt
519 2190 689 2239 castris
728 2199 843 2239 ante
881 2190 1055 2239 urbem
1094 2199 1142 2238 et
1180 2188 1379 2238 moenia
1415 2190 1610 2237 vallant.

1808 978 1891 1021 900

1811 1389 1890 1432 905

1811 1798 1894 1840 910

1810 2208 1890 2250 915

266 2322 456 2372 892-895
479 2321 674 2370 FMPR3
707 2322 901 2372 896-915
929 2320 1060 2359 MPR
1226 2323 1307 2372 892
1337 2333 1490 2359 versus
1510 2319 1577 2358 R:
1606 2321 1719 2359 vires
1746 2287 1888 2361 Thilo:

213 2376 391 2426 patriae,
416 2389 584 2415 versam
605 2376 798 2427 Schaper,
818 2377 963 2426 probat
993 2376 1197 2427 Guthlz'ng
1304 2376 1384 2426 895
1415 2376 1575 2414 audent
1595 2373 1757 2426 M²72bc
1772 2374 1886 2414 Serv.

213 2444 291 2480 901
324 2430 528 2482 poscunt]
550 2431 716 2481 pellunt
737 2430 779 2468 R
799 2430 968 2469 Ribbeck
1178 2442 1260 2480 903
1292 2442 1551 2480 camposque
1571 2428 1625 2467 M
1628 2429 1641 2452 ²

1808 2441 1891 2479 910

213 2483 411 2535 agnovit]
436 2485 664 2535 conspexit
690 2484 759 2535 Py
979 2497 1058 2534 911
1092 2485 1304 2524 adventus
1316 2484 1393 2523 Mn·
1503 2483 1682 2537 pedum]
1703 2483 1843 2523 virum
1863 2497 1892 2522 π

214 2552 295 2589 912
326 2540 475 2578 ineunt
496 2538 590 2577 M¹b
722 2544 932 2590 temptant
953 2552 1005 2590 γε
