2014 3372
204 146 259 192 P.
303 145 604 193 VERGILI
644 145 968 195 MARONIS

205 284 408 348 iamque
445 284 806 334 ministrantem
845 288 1102 350 platanum
1141 287 1430 351 potantibus
1465 289 1679 338 umbras.
1724 338 1727 340 ,

205 384 379 416 verum
416 369 540 416 haec
577 367 682 430 ipse
719 367 953 430 equidem
991 368 1160 431 spatiis
1200 371 1425 418 exclusus
1463 369 1645 433 iniquis

204 458 463 511 praetereo
498 458 649 511 atque
684 448 791 497 aliis
828 458 941 511 post
979 466 1059 498 me
1099 452 1424 499 memoranda
1460 451 1698 514 relinquo.

278 532 429 578 Nunc
464 547 568 593 age,
607 539 805 579 naturas
841 530 1018 594 apibus
1057 548 1179 594 quas
1220 531 1443 595 Iuppiter
1477 531 1583 596 ipse

207 609 400 659 addidit
440 610 715 673 expediam,
755 628 844 673 pro
882 628 981 674 qua
1019 614 1248 661 mercede
1285 630 1495 662 canoros

206 692 450 741 Curetum
488 691 679 741 sonitus
717 692 1107 757 crepitantiaque
1146 711 1258 743 aera
1295 704 1493 744 secutae

215 771 426 821 Dictaeo
464 772 588 821 caeli
625 789 790 836 regern
826 791 1004 837 pavere
1041 775 1134 824 sub
1170 785 1325 825 antro.

206 855 341 902 solae
379 853 660 902 communis
698 864 855 914 natos,
897 855 1145 905 consortia
1181 866 1311 906 tecta

207 934 341 983 urbis
379 935 580 995 habent,
621 935 912 999 magnisque
949 936 1135 1001 agitant
1175 938 1269 986 sub
1308 938 1499 1003 legibus
1533 956 1751 1000 aevum,·

207 1026 255 1065 et
292 1016 501 1079 patriam
539 1019 673 1066 solae
710 1026 759 1066 et
795 1028 955 1067 certos
993 1036 1176 1068 novere
1214 1020 1438 1083 penatis,-

206 1106 543 1160 venturaeque
580 1096 757 1146 hiemis
795 1115 1040 1147 memores
1079 1108 1265 1147 aestate
1304 1100 1525 1149 laborem

208 1177 524 1240 experiuntur
561 1187 609 1226 et
645 1178 696 1225 in
734 1178 956 1227 medium
994 1179 1216 1241 quaesita
1253 1180 1514 1242 reponunt.
1574 1244 1577 1249 ἶ

208 1276 425 1322 namque
461 1259 587 1308 aliae
623 1258 756 1307 victu
793 1258 1048 1322 invigilant
1086 1269 1135 1308 et
1172 1262 1372 1309 foedere
1407 1271 1556 1324 pacto

208 1349 497 1388 exercentur
532 1339 659 1403 agris
676 1358 689 1401 3
717 1347 849 1403 'pars
886 1340 1013 1389 intra
1050 1350 1221 1405 saepta
1257 1343 1522 1391 domorum

207 1422 411 1471 narcissi
448 1421 702 1470 lacrimam
739 1431 788 1470 et
825 1424 1014 1472 lentum
1055 1426 1118 1472 de
1157 1424 1340 1473 cortice
1375 1427 1545 1489 gluten

205 1503 364 1567 prima
401 1503 522 1552 favis
559 1513 754 1566 ponunt
791 1505 1097 1566 fundamina,
1140 1506 1325 1555 deinde
1361 1507 1548 1556 tenacis

206 1586 520 1648 suspendunt
556 1602 692 1634 ceras
709 1604 722 1646 3
770 1586 893 1635 aliae
930 1604 1071 1650 spem
1107 1587 1267 1650 gentis
1302 1589 1500 1638 adultos

207 1669 428 1716 educunt
466 1669 628 1728 fetus,
676 1667 800 1716 aliae
837 1668 1099 1732 purissima
1138 1672 1285 1719 mella

207 1749 391 1812 stipant
429 1758 479 1797 et
513 1748 706 1811 liquido
744 1749 1036 1798 distendunt
1075 1760 1273 1800 nectare
1310 1754 1471 1801 cellas.

206 1840 321 1880 sunt
359 1830 539 1894 quibus
576 1832 641 1880 ad
676 1840 842 1894 portas
882 1832 1063 1881 cecidit
1102 1834 1329 1883 custodia
1365 1835 1495 1895 sorti,

205 1912 358 1975 inque
395 1911 555 1960 vicem
593 1914 909 1974 speculantur
947 1930 1101 1976 aquas
1141 1924 1189 1963 et
1226 1915 1397 1964 nubila
1433 1916 1569 1976 caeli,

205 2002 290 2041 aut
328 2009 479 2041 onera
514 1991 766 2055 accipiunt
805 1993 1106 2054 venientum,
1151 2005 1236 2044 aut
1270 1997 1468 2060 agmine
1503 1999 1635 2046 facto

205 2075 441 2138 ignavum
474 2076 615 2123 fucos
652 2091 804 2138 pecus
843 2093 873 2124 a
911 2077 1232 2141 praesepibus
1270 2089 1452 2128 arcent.

205 2159 358 2205 fervet
396 2172 536 2218 opus,
576 2158 903 2220 redolentque
945 2160 1119 2221 thymo
1158 2161 1421 2223 fragrantia
1455 2164 1614 2210 mella.

205 2254 264 2286 ac
300 2237 452 2285 veluti
487 2236 632 2285 lentis
672 2239 917 2300 Cyclopes
960 2240 1168 2288 fulmina
1205 2242 1378 2291 massis

207 2335 322 2367 cum
359 2327 637 2381 properant,
675 2318 759 2367 alii
798 2319 1001 2368 taurinis
1042 2321 1242 2371 follibus
1279 2341 1419 2372 auras

206 2400 457 2463 accipiunt
493 2402 824 2464 redduntque,
866 2402 949 2451 alii
990 2403 1247 2453 stridentia
1282 2405 1477 2469 tingunt

207 2499 319 2530 aera
355 2484 496 2542 lacu,-
542 2482 696 2545 gemit
735 2483 979 2548 impositis
1021 2487 1288 2537 incudibus
1323 2491 1488 2537 Aetna
1505 2507 1519 2548 3

207 2563 277 2611 illi
313 2563 439 2612 inter
474 2580 582 2613 sese
621 2583 799 2629 magna
838 2569 886 2616 vi
925 2570 1156 2619 bracchia
1194 2572 1375 2619 tollunt

207 2644 259 2692 in
296 2661 573 2706 numerum,
617 2659 913 2712 versantque
952 2651 1115 2700 tenaci
1154 2651 1340 2714 forcipe
1376 2652 1587 2700 sermm:

209 2743 311 2775 non
347 2726 499 2787 aliter,
542 2728 582 2777 si
620 2747 770 2794 parva
806 2731 920 2780 licet
957 2749 1260 2795 componere
1299 2732 1503 2796 magnis,

1811 633 1888 673 150

1809 1042 1886 1083 155

1811 1435 1889 1476 160

1810 1843 1886 1896 165

1812 2259 1889 2302 17⁰

1813 2668 1888 2710 175

269 2862 455 2910 146-152
479 2860 595 2911 MP;
631 2875 816 2913 153—174
836 2862 986 2912 FMP3
1022 2875 1110 2913 175,
1133 2865 1210 2913 176
1231 2863 1323 2902 MP
1445 2864 1522 2912 148
1551 2875 1618 2901 me
1638 2874 1719 2899 om.
1744 2858 1890 2911 ΜΡγα

210 2917 578 2955 commemoranda
611 2917 697 2955 b²c⁷r
841 2930 915 2967 154
948 2931 1047 2967 -que
1068 2931 1151 2958 om.
1182 2917 1225 2956 P
1353 2931 1429 2968 170
1458 2918 1572 2956 lente
1604 2915 1670 2956 P:
1703 2915 1808 2954 lenti
1828 2913 1887 2953 F*

214 2981 291 3018 173
322 2969 484 3022 Aetna]
509 2976 675 3010 antrum
694 2971 772 3009 FP
