2014 3372
1356 129 1719 179 AENEIDOS
1756 128 1832 176 XI

166 268 387 332 concipis
424 277 472 317 et
509 268 549 317 si
583 269 712 318 adeo
747 269 926 318 dotalis
963 269 1093 333 regia
1129 268 1267 318 cordi
1303 277 1389 328 est,

166 352 295 399 aude
331 359 479 413 atque
515 351 775 399 adversum
813 351 973 399 fidens
1010 352 1081 398 fer
1115 359 1288 413 pectus
1325 349 1375 397 in
1413 350 1622 398 hostem*
1753 366 1833 410 370

166 431 352 481 scilicet
388 441 442 480 ut
477 434 648 481 Turno
685 431 938 494 contingat
974 432 1105 496 regia
1140 431 1368 491 coniunx,

167 529 257 561 nos
293 512 487 561 animae
522 512 656 572 viles,
695 512 952 561 inhumata
987 512 1254 575 infletaque
1291 513 1445 572 turba,
1490 530 1493 532 ·

166 602 439 642 sternamur
474 593 674 656 campis.
728 593 897 643 'etiam
934 603 999 653 tu,
1039 593 1080 642 si
1116 611 1214 657 qua
1250 593 1339 642 tibi
1374 593 1459 652 vis,

167 672 207 721 si
242 674 384 737 patrii
421 674 541 737 quid
580 674 753 722 Martis
790 675 957 734 habes,
997 674 1136 723 illum
1172 674 1338 738 aspice
1375 682 1546 723 contra

126 803 130 805 μ
166 754 251 817 qui
286 757 458 804 vocat!
702 807 703 810 ,
1754 771 1829 815 375

232 835 437 884 Talibus
474 836 828 886 exarsitdictis
864 836 1097 886 violentia
1132 837 1300 886 Turni.

164 916 249 964 dat
284 916 523 979 gemitum
547 917 830 980 rumpitque
866 919 954 966 has
990 917 1092 967 imo
1128 927 1327 981 pectore
1363 933 1539 966 voces:

169 998 328 1059 ‘larga
363 996 579 1060 quidem,
622 1000 831 1058 Drance,
872 1015 1067 1062 semper
1102 998 1192 1047 tibi
1228 997 1372 1061 copia
1407 997 1544 1046 fandi

164 1085 269 1125 tum
306 1094 421 1125 cum
456 1078 587 1127 bella
623 1095 798 1128 manus
835 1088 1060 1142 poscunt,
1100 1078 1421 1142 patribusque
1457 1077 1643 1127 vocatis

163 1157 348 1220 primus
384 1160 516 1207 ades.
590 1161 678 1208 sed
713 1177 816 1209 non
852 1162 1087 1223 replenda
1124 1169 1197 1209 est
1233 1159 1367 1208 curia
1401 1159 1575 1218 verbiS‚
1753 1168 1830 1216 380

163 1255 290 1302 quae
327 1248 434 1289 tuto
470 1240 560 1289 tibi
596 1258 774 1305 magna
808 1243 988 1301 volant,
1029 1243 1150 1290 dum
1187 1241 1391 1290 distinet
1425 1242 1619 1289 hostem

161 1337 306 1384 agger
342 1339 594 1371 murorum
631 1339 724 1371 nec
760 1322 1005 1372 inundant
1041 1322 1279 1386 sanguine
1315 1325 1487 1371 fossae.

162 1402 371 1465 proinde
407 1412 526 1452 tona
561 1404 760 1467 eloquio
799 1403 1018 1469 (solitum
1056 1403 1166 1467 tibi)
1204 1419 1384 1466 meque
1420 1402 1608 1451 timoris

160 1501 308 1548 argue
345 1494 410 1544 tu,
453 1488 662 1545 Drance,
703 1487 905 1548 quando
942 1495 1014 1536 tot
1051 1485 1220 1549 stragis
1256 1502 1456 1534 acervos

161 1567 467 1615 Teucrorum
504 1576 588 1616 tua
623 1569 793 1616 dextra
829 1568 979 1627 dedit,
1021 1567 1304 1631 passimque
1340 1566 1552 1629 tropaeis
1749 1575 1824 1626 385

161 1645 363 1709 insignis
399 1664 551 1710 agros.
625 1648 780 1711 possit
816 1648 936 1711 quid
973 1648 1137 1697 vivida
1171 1647 1321 1696 virtus

160 1728 408 1790 experiare
444 1729 569 1788 licet,
607 1746 700 1778 nec
736 1731 882 1793 longe
920 1730 1105 1779 scilicet
1142 1731 1308 1779 hostes

160 1810 430 1871 quaerendi
466 1810 622 1869 nobis,
663 1811 981 1859 circumstant
1016 1810 1237 1873 undique
1274 1827 1452 1859 muros.

159 1888 287 1938 imus
323 1889 374 1937 in
409 1892 832 1955 adversos—quid
869 1894 1066 1941 cessas?
1112 1908 1176 1939 an
1212 1891 1302 1940 tibi
1340 1893 1538 1939 Mavors

159 1980 364 2020 ventosa
398 1971 450 2019 in
485 1972 651 2035 lingua
688 1967 1000 2036 pedibusque
1036 1971 1291 2034 fugacibus
1327 1970 1430 2018 istis
1747 1988 1824 2029 390

159 2067 353 2114 semper
388 2052 513 2101 erit?

158 2134 328 2195 pulsus
365 2136 494 2196 ego?
540 2143 624 2183 aut
661 2135 923 2198 quisquam
961 2133 1148 2192 merito,
1189 2131 1486 2190 foedissime,
1524 2132 1722 2194 pulsum

158 2222 338 2276 arguet,
381 2214 535 2263 Iliaco
571 2215 819 2264 tumidum
859 2215 943 2278 qui
980 2231 1197 2263 crescere
1232 2211 1472 2275 Thybrim

159 2293 396 2356 sanguine
432 2304 480 2344 et
518 2296 738 2345 Euandri
774 2305 929 2345 totam
966 2313 1080 2345 cum
1117 2294 1265 2357 stirpe
1300 2292 1487 2341 videbit

158 2374 479 2437 procubuisse
515 2378 723 2425 domum
758 2386 908 2439 atque
944 2385 1115 2425 exutos
1152 2375 1371 2422 Arcadas
1407 2371 1589 2420 armis?
1745 2390 1819 2432 395

158 2456 293 2504 haud
329 2455 396 2504 ita
432 2473 512 2504 me
548 2456 733 2519 experti
771 2456 923 2505 Bitias
960 2465 1009 2505 et
1046 2456 1299 2503 Pandarus
1336 2452 1507 2516 ingens

159 2544 208 2584 et
243 2552 367 2598 quos
404 2536 537 2585 mille
573 2537 654 2585 die
689 2536 845 2586 victor
880 2537 973 2585 sub
1009 2539 1211 2584 Tartara
1246 2533 1370 2593 misi,

159 2614 376 2664 inclusus
412 2617 562 2665 muris
599 2616 864 2680 hostilique
898 2633 1073 2680 aggere
1109 2624 1319 2679 saeptus.

214 2745 406 2792 369-398
439 2742 569 2782 MPR
785 2746 868 2795 369
901 2745 963 2796 et]
1004 2751 1075 2784 aut
1113 2744 1165 2783 M
1328 2745 1408 2793 378
1442 2754 1613 2791 semper
1652 2741 1821 2778 Drance

158 2795 389 2848 PRybcmn·
418 2797 531 2837 Serv.
749 2802 825 2848 381
859 2800 1022 2838 detinet
1051 2797 1128 2836 Mn
1331 2799 1412 2847 382
1443 2809 1597 2847 aggere
1628 2793 1824 2844 MPR7¹c

159 2850 260 2902 nec]
291 2857 334 2890 et
363 2850 449 2902 P71
560 2851 697 2891 fossas
725 2852 979 2901 Priscianus,
1009 2854 1084 2902 qui
1097 2853 1220 2892 etiam
1247 2852 1386 2891 fossae
1412 2851 1596 2901 agnoscit
1739 2860 1816 2896 391

157 2905 276 2943 verba
296 2907 551 2997 nffiuiquam
571 2907 697 2946 armis
719 2908 971 2947 terrebimus
991 2908 1156 2946 hostem
1177 2906 1293 2957 addit
1307 2906 1360 2944 M
1361 2905 1372 2928 ¹
1389 2904 1488 2944 delet
1506 2903 1573 2941 Μ2
1740 2914 1819 2953 393

159 2960 298 3008 arguit
373 2959 388 2982 ²
