2014 3372
1359 171 1720 220 AENEIDOS
1756 170 1834 217 XI

168 318 452 359 convertere
486 308 678 358 animos
714 308 838 357 acris
875 300 1148 371 oculosque
1184 309 1339 357 tulere
1754 319 1833 357 800

167 391 332 439 cuncti
368 393 433 440 ad
469 391 686 454 reginam
723 390 906 439 Volsci.
982 389 1104 438 nihil
1140 389 1247 453 ipsa
1285 406 1380 438 nec
1418 407 1565 439 aurae

167 488 259 520 nec
296 472 485 521 sonitus
522 480 712 520 memor
746 480 830 519 aut
866 471 1108 520 venientis
1146 472 1210 520 ab
1246 473 1446 520 aethere
1483 471 1580 530 teli,

166 554 306 600 hasta
342 553 435 601 sub
472 562 711 601 exsertam
747 553 910 601 donec
946 554 1136 615 perlata
1172 552 1406 616 papillam

166 633 323 682 haesit
358 634 730 697 virgineumque
766 636 863 682 alte
899 633 1026 685 bibit
1061 642 1171 682 acta
1208 651 1445 683 cruorem.

166 725 464 765 concurrunt
500 715 720 779 trepidae
756 714 964 764 comites
1001 715 1358 778 dominamque
1399 724 1625 764 ruentem
1754 723 1831 775 805

138 795 451 858 suscipiunt.
526 796 648 859 fugit
685 806 801 845 ante
837 796 1000 845 omnis
1037 796 1291 845 exterritus
1328 800 1516 845 Arruns

165 877 348 925 laetitia
383 877 637 941 mixtoque
675 887 825 938 metu,
865 895 958 927 nec
995 878 1092 927 iam
1130 878 1342 941 amplius
1380 880 1550 927 hastae

164 959 362 1006 credere
399 975 491 1007 nec
528 959 635 1007 telis
672 976 926 1008 occurrere
960 959 1158 1022 virginis
1193 961 1356 1008 audet.

163 1055 221 1086 ac
256 1041 389 1087 velut
425 1040 518 1099 ille,
560 1040 693 1103 prius
722 1057 881 1103 quam
918 1043 1015 1089 tela
1051 1040 1253 1089 inimica
1289 1049 1570 1103 sequantur,

164 1119 401 1169 continuo
437 1120 487 1168 in
524 1121 707 1170 montis
744 1138 852 1170 sese
886 1121 1023 1170 avius
1060 1121 1253 1170 abdidit
1284 1123 1410 1170 altos
1596 1155 1600 1159 -
1752 1131 1832 1170 810

163 1201 328 1249 occiso
364 1210 561 1263 pastore
597 1204 742 1265 lupus
780 1219 1022 1266 magnove
1058 1202 1280 1262 iuvenco,

163 1281 391 1330 conscius
426 1283 627 1331 audacis
665 1283 793 1343 facti,
834 1285 1146 1346 caudamque
1182 1285 1458 1332 remulcens

163 1362 372 1411 subiecit
408 1363 710 1426 pavitantem
748 1374 888 1413 utero
925 1364 1170 1427 silvasque
1205 1364 1406 1427 petivit:

162 1445 296 1493 haud
334 1462 474 1494 secus
512 1463 571 1494 ex
607 1446 762 1495 oculis
801 1463 853 1495 se
890 1445 1116 1494 turbidus
1152 1445 1356 1493 abstulit
1391 1448 1579 1494 Arruns

161 1535 524 1589 contentusque
560 1529 674 1590 fuga
710 1526 887 1576 mediis
924 1543 976 1575 se
1013 1526 1281 1575 immiscuit
1316 1526 1475 1574 armis.
1748 1535 1826 1586 815

161 1606 242 1655 illa
280 1623 430 1655 manu
467 1607 683 1656 moriens
719 1609 872 1656 telum
911 1607 1072 1666 trahit,
1112 1623 1224 1656 ossa
1263 1609 1351 1655 sed
1389 1606 1514 1655 inter

160 1689 342 1736 ferreus
378 1689 442 1736 ad
480 1697 641 1737 costas
677 1690 777 1736 alto
815 1697 909 1736 stat
945 1690 1146 1736 vulnere
1184 1704 1368 1736 mucro.

160 1768 339 1817 labitur
376 1768 646 1831 exsanguis,
687 1770 919 1818 labuntur
955 1768 1129 1831 frigida
1165 1770 1265 1817 leto

161 1849 361 1909 lumina,
401 1866 676 1913 purpureus
713 1852 968 1913 quondam
1005 1852 1141 1899 color
1177 1867 1262 1898 ora
1297 1850 1505 1912 reliquit.

160 1939 265 1978 tum
295 1930 365 1978 sic
403 1930 652 1993 exspirans
689 1933 877 1979 Accam
915 1948 974 1980 ex
1008 1931 1298 1993 aequalibus
1334 1948 1485 1979 unam
1746 1941 1826 1980 820

158 2011 442 2073 adloquitur
478 2012 629 2060 fidam
666 2020 780 2059 ante
816 2011 947 2070 alias,
989 2028 1116 2073 quae
1153 2013 1258 2059 sola
1295 2011 1534 2060 Camillae

159 2091 361 2153 quicum
398 2091 564 2154 partiri
600 2108 754 2151 curas,
795 2100 944 2154 atque
980 2093 1103 2140 haec
1140 2091 1208 2139 ita
1242 2093 1399 2140 fatur:

163 2172 442 2231 ‘hactenus,
482 2175 618 2220 Acca
654 2189 802 2230 soror,
842 2172 1010 2235 potui:
1058 2189 1193 2220 nunc
1227 2173 1406 2220 vulnus
1441 2172 1676 2221 acerbum

160 2252 373 2311 conficit,
413 2262 461 2302 et
497 2253 711 2302 tenebris
748 2252 1030 2316 nigrescunt
1066 2253 1233 2301 omnia
1270 2252 1467 2301 circum.

159 2333 318 2394 effuge
354 2342 402 2381 et
438 2334 562 2382 haec
597 2336 770 2382 Turno
807 2335 1043 2382 mandata
1077 2333 1345 2382 novissima
1379 2335 1568 2395 perfer:
1742 2345 1819 2395 825

159 2413 393 2461 succedat
427 2430 622 2476 pugnae
658 2413 1002 2477 Troianosque
1038 2423 1200 2462 arceat
1235 2414 1369 2462 urbe.

158 2490 356 2555 iamque
392 2495 528 2542 vale.'
599 2493 744 2542 simul
780 2494 856 2543 his
893 2495 1037 2544 dictis
1074 2495 1330 2558 linquebat
1365 2495 1583 2543 habenas

158 2573 222 2620 ad
259 2581 435 2621 terram
472 2590 575 2622 non
611 2583 788 2637 sponte
824 2577 995 2624 fluens.
1072 2584 1177 2623 tum
1213 2574 1387 2638 frigida
1423 2584 1528 2623 toto

158 2653 393 2714 paulatim
430 2654 633 2702 exsolvit
669 2672 722 2703 se
757 2673 975 2719 corpore,
1011 2658 1243 2719 lentaque
1279 2658 1405 2705 colla

159 2741 206 2780 et
243 2742 442 2796 captum
478 2736 577 2783 leto
614 2735 778 2798 posuit
814 2746 975 2799 caput,
1013 2754 1149 2785 arma
1185 2736 1479 2799 relinquunt,
1738 2746 1819 2796 830

211 2863 403 2911 800-830
434 2861 564 2900 MPR
792 2865 868 2903 801
900 2878 1025 2905 auras
1045 2864 1144 2905 b3c²
1175 2864 1380 2904 deten‘ores
1409 2864 1593 2916 quidam,
1624 2865 1739 2904 ‘haec
1765 2870 1823 2903 est

159 2916 329 2965 antiqua
350 2916 471 2954 lectio'
487 2915 619 2965 Serv„
634 2918 772 2968 recepit
784 2917 954 2968 Bentley
1073 2919 1154 2968 819
1185 2919 1386 2968 relinquit
1406 2934 1426 2958 c
1443 2919 1648 2958 detenbres
1740 2920 1816 2957 821

160 2969 243 3007 fida
264 2968 394 3009 M¹Rc
501 2971 580 3009 822
610 2983 790 3020 quacum
810 2971 964 3022 P²7²c⁷r
1073 2974 1155 3011 826
1184 2973 1275 3011 urbi
1295 2973 1399 3011 P¹R
1474 2975 1556 3021 830
1577 2972 1819 3022 relinquunt

158 3021 317 3061 Probus
332 3022 449 3073 apud
456 3023 511 3063 D.
530 3024 644 3064 Serv.
666 3039 674 3062 ε
698 3025 944 3075 relinquens
960 3023 1172 3077 M²P7bcvr
1189 3041 1198 3065 :
1221 3027 1421 3076 relinquit
1436 3025 1488 3064 M
1489 3026 1502 3048 ¹
1521 3040 1529 3064 ε
1553 3025 1722 3076 reliquit
1735 3026 1820 3066 Ra1
