2046 3380
441 601 512 667 P.
566 600 967 666 VERGILI
1034 599 1487 667 MARONIS

603 767 1319 842 GEORGICON

795 950 1013 997 LIBER
1050 949 1134 996 III

199 1104 279 1150 TE
315 1117 531 1166 quoque,
559 1118 738 1165 magna
774 1103 929 1160 Pales,
971 1109 1019 1149 et
1055 1109 1105 1149 te
1140 1101 1464 1149 memorande
1500 1116 1736 1149 canemus

131 1193 298 1247 pastor
332 1184 396 1232 ab
432 1184 729 1246 Amphryso,
767 1199 869 1241 vos,
910 1181 1060 1230 silvae
1095 1197 1369 1244 amnesque
1406 1181 1598 1244 Lycaei.

132 1274 305 1324 cetera,
347 1281 474 1327 quae
509 1280 688 1312 vacuas
726 1263 1000 1312 tenuissent
1037 1262 1255 1311 carmine
1290 1272 1497 1322 mentes,

131 1346 301 1396 omnia
337 1345 435 1393 iam
472 1348 696 1408 vulgata:
734 1345 844 1407 quis
880 1353 965 1392 aut
1003 1346 1278 1407 Eurysthea
1314 1346 1508 1404 durum,

130 1437 214 1476 aut
249 1426 490 1475 inlaudati
526 1425 684 1475 nescit
722 1425 961 1474 Busiridis
996 1428 1140 1474 aras?
1779 1447 1802 1487 5

131 1508 212 1557 cui
247 1525 350 1557 non
387 1507 548 1556 dictus
587 1508 746 1569 Hylas
785 1523 908 1569 puer
944 1515 993 1554 et
1030 1506 1241 1555 Latonia
1278 1508 1434 1555 Delos

133 1590 558 1652 Hippodameque
597 1605 870 1651 umeroque
912 1589 1091 1651 Pelops
1130 1588 1334 1651 insignis
1371 1589 1576 1647 eburno,

129 1688 243 1720 acer
278 1671 458 1734 equis?
494 1671 785 1733 temptanda
822 1669 902 1718 via
939 1680 1026 1730 est,
1063 1686 1162 1733 qua
1198 1688 1279 1719 me
1314 1687 1516 1734 quoque
1551 1670 1738 1734 possim

130 1755 302 1803 tollere
338 1754 493 1801 humo
529 1751 784 1814 victorque
823 1750 980 1799 virum
1017 1751 1220 1800 volitare
1255 1768 1342 1815 per
1375 1769 1474 1801 ora„

130 1838 317 1901 primus
356 1855 448 1902 ego
484 1837 535 1885 in
572 1837 780 1900 patriam
819 1853 1031 1895 mecum,
1074 1837 1231 1884 modo
1267 1834 1366 1882 vita
1402 1835 1624 1897 supersit,
1756 1852 1805 1880 10

131 1919 298 1969 Aonio
334 1919 528 1969 rediens
566 1920 814 1968 deducam
851 1918 1032 1967 vertice
1070 1920 1275 1978 Musa53

130 2001 317 2065 primus
356 2003 620 2051 Idumaeas
659 2003 864 2050 referam
903 2000 1006 2059 tibi,
1049 2002 1272 2058 Mantua„
1311 2000 1515 2062 palmas,

131 2093 180 2132 et
214 2083 356 2132 viridi
391 2083 443 2131 in
480 2099 659 2145 campo
693 2084 935 2144 templum
972 2083 1036 2130 de
1072 2097 1314 2129 marmore
1350 2096 1533 2142 ponam

130 2175 330 2228 propter
364 2181 560 2228 aquam,
602 2162 753 2211 tardis
792 2162 966 2225 ingens
1003 2161 1090 2210 ubi
1126 2160 1334 2209 flexibus
1370 2169 1495 2208 errat

133 2246 350 2296 Mincius
387 2256 436 2295 et
471 2256 640 2294 tenera
678 2243 915 2307 praetexit
952 2242 1230 2291 harundine
1265 2242 1406 2305 ripas.
1756 2261 1803 2299 15

131 2330 182 2378 in
218 2330 386 2380 medio
422 2329 545 2378 mihi
583 2330 766 2379 Caesar
804 2325 893 2374 erit
930 2326 1272 2388 templumque
1313 2323 1533 2372 tenebit:

131 2412 201 2460 illi
235 2413 391 2462 victor
426 2429 518 2476 ego
554 2420 603 2460 et
640 2410 790 2473 Tyrio
832 2416 1128 2470 conspectus
1163 2405 1215 2453 in
1251 2414 1384 2453 ostro

132 2504 332 2544 centum
369 2494 685 2559 quadriiugos
723 2492 922 2556 agitabo
959 2490 1025 2537 ad
1060 2486 1267 2536 flumina
1301 2503 1482 2535 currus.

133 2586 312 2626 cuncta
346 2576 469 2625 mihi
505 2578 757 2640 Alpheum
796 2575 1025 2638 linquens
1065 2572 1304 2632 lucosque
1341 2566 1591 2615 Molorchi

133 2658 356 2707 cursibus
392 2669 441 2708 et
478 2660 632 2708 crudo
669 2661 903 2709 decernet
942 2656 1149 2707 Graecia
1186 2660 1366 2701 caestu.
1755 2668 1805 2696 20

132 2739 238 2803 ipse
274 2750 422 2803 caput
456 2751 629 2789 tonsae
665 2740 794 2789 foliis
832 2749 1032 2789 ornatus
1069 2738 1227 2787 olivae

192 2885 295 2911 1-12
322 2869 554 2918 FMPRV3
602 2883 730 2920 13—21
752 2869 919 2909 FMPR
1178 2882 1205 2919 3
1235 2868 1418 2908 carmina
1450 2862 1651 2913 F1MR7b
1679 2861 1801 2923 schol..

133 2925 257 2967 Rern.
292 2931 516 2976 utrumque
534 2927 719 2977 agnoscit
736 2925 1026 2977 Philargyrius
1189 2936 1215 2973 5
1246 2936 1367 2963 arces
1387 2921 1437 2960 M
1442 2922 1454 2943 ¹
1615 2931 1637 2967 7
1667 2928 1803 2955 umen

134 2981 253 3020 schol.
278 2979 521 3020 Veronensia
614 2980 744 3018 ebunt
758 2980 801 3018 P
906 2982 933 3018 8
962 2991 1131 3029 possem
1145 2978 1187 3017 P
1298 2991 1347 3029 19
1371 2975 1590 3028 linquens]
1613 2974 1747 3025 pubes
1765 2969 1809 3008 Ρ

135 3049 190 3074 20
219 3036 323 3074 duro
343 3035 386 3073 R
495 3035 688 3073 decernit
709 3033 763 3071 Μ
768 3033 887 3072 ¹PR:
918 3035 1110 3073 decertet
1130 3031 1185 3070 M
1186 3032 1236 3071 ²c²
