2020 3372
1293 148 1713 199 GEORGICON
1752 149 1806 196 II

140 283 307 347 aspice
342 293 391 333 et
426 284 652 334 extremis
688 284 935 334 domitum
972 284 1244 334 cultoribus
1280 285 1453 353 orbem

142 366 374 428 ansque
409 367 587 414 domos
621 366 844 414 Arabum
880 365 1141 429 pictosque
1177 368 1428 415 Gelonos:

141 444 326 493 divisae
360 445 616 494 arboribus
650 446 848 509 patriae.
923 448 1028 494 sola
1064 446 1210 495 India
1244 446 1437 509 nigrum

140 529 232 576 fert
267 527 532 586 hebenum,
572 527 688 576 solis
724 537 798 576 est
833 537 970 577 turea
1004 527 1137 591 virga
1171 528 1386 577 Sabaeis.

141 608 262 671 quid
297 608 387 657 tibi
423 610 631 658 odorato
666 611 872 658 reseram
908 610 1138 658 sudantia
1173 610 1306 673 ligno

140 690 459 752 balsamaque
497 699 546 738 et
581 691 730 738 bacas
767 707 962 753 semper
996 690 1270 739 frondentis
1306 690 1542 739 acanthi?

141 770 262 833 quid
299 788 503 819 nemora
538 771 846 834 Aethiopum
883 771 1021 820 molli
1057 772 1285 820 canentia
1320 774 1446 831 lana,

140 854 417 915 velleraque
453 861 507 900 ut
543 852 671 901 foliis
708 855 974 915 depectant
1010 853 1178 902 tenuia
1214 855 1392 902 Seres?

140 942 224 981 aut
260 950 386 996 quos
424 935 629 983 Oceano
665 934 865 997 propior
899 934 1022 997 gerit
1059 935 1206 983 India
1241 937 1394 994 lucos,

141 1015 344 1063 extremi
380 1015 515 1064 sinus
552 1016 698 1075 orbis,
736 1016 823 1065 ubi
858 1020 971 1065 aera
1004 1017 1200 1067 vincere
1237 1035 1487 1066 summum

139 1096 326 1145 arboris
362 1098 496 1145 haud
532 1099 662 1145 ullae
696 1096 827 1146 iactu
864 1107 1070 1161 potuere
1106 1099 1310 1163 sagittae

142 1177 212 1242 (et
240 1194 360 1240 gens
393 1178 476 1226 illa
508 1178 712 1241 quidem
745 1179 954 1242 sumptis
983 1186 1090 1228 non
1122 1182 1262 1229 tarda
1294 1179 1592 1244 pharetris)?

142 1259 316 1307 Media
350 1261 441 1307 fert
477 1259 624 1307 tristis
660 1276 805 1308 sucos
841 1262 1138 1323 tardumque
1173 1278 1401 1324 saporem

141 1339 295 1388 felicis
331 1340 461 1399 mali,
501 1357 601 1403 quo
637 1358 740 1389 non
776 1341 1082 1403 praesentius
1118 1343 1288 1401 ullum,

141 1422 321 1484 pocula
355 1420 396 1469 si
432 1423 635 1484 quando
670 1437 845 1470 saevae
881 1421 1094 1471 infecere
1130 1439 1372 1472 novercae

142 1502 542 1565 miscueruntque
578 1504 755 1552 herbas
792 1512 841 1552 et
876 1521 980 1552 non
1015 1503 1217 1553 innoxia
1250 1505 1413 1564 verba,

141 1584 375 1638 auxilium
411 1584 544 1633 venit
579 1601 638 1633 ac
674 1585 910 1634 membris
945 1585 1045 1649 agit
1079 1596 1184 1634 atra
1215 1603 1418 1634 venena.

141 1665 248 1727 ipsa
282 1664 454 1728 ingens
489 1666 635 1714 arbos
671 1666 950 1729 faciemque
986 1666 1234 1715 simillima
1271 1668 1407 1715 lauro
1425 1685 1439 1727 3

142 1755 203 1804 et,
243 1745 283 1793 si
318 1762 420 1793 non
456 1745 607 1793 alium
643 1747 740 1794 late
776 1745 976 1795 iactaret
1012 1748 1233 1806 odorem,

140 1829 304 1875 laurus
341 1836 471 1875 erat:
513 1827 631 1875 folia
665 1829 801 1876 haud
836 1828 947 1876 ullis
983 1828 1202 1876 labentia
1236 1829 1426 1889 ventis3

141 1910 233 1957 flos
269 1909 334 1957 ad
369 1908 528 1971 prima
563 1918 710 1957 tenax
729 1928 743 1970 3
793 1909 983 1958 animas
1020 1919 1069 1958 et
1107 1910 1292 1959 olentia
1329 1910 1471 1959 Medi

143 2007 229 2038 ora
264 1991 433 2038 fovent
469 1989 554 2038 illo
591 1999 639 2038 et
676 1989 877 2038 senibus
915 1990 1226 2039 medicantur
1259 1991 1464 2039 anhelis.

210 2073 310 2120 Sed
344 2088 508 2133 neque
546 2072 814 2119 Medorum
853 2070 1016 2130 silvae,
1055 2071 1298 2120 ditissima
1333 2082 1471 2131 terra,

142 2169 235 2200 nec
271 2153 477 2214 pulcher
513 2153 711 2214 Ganges
747 2161 897 2214 atque
932 2169 1052 2200 auro
1089 2152 1316 2200 turbidus
1354 2155 1575 2201 Hermus

141 2233 372 2281 laudibus
411 2232 584 2281 Italiae
621 2242 822 2292 certent,
862 2250 964 2282 non
1002 2236 1181 2282 Bactra
1216 2250 1379 2297 neque
1418 2234 1535 2283 Indi

141 2323 344 2376 totaque
379 2312 587 2361 turiferis
624 2313 875 2362 Panchaia
910 2313 1105 2378 pinguis
1142 2315 1349 2363 harenis.

142 2397 266 2443 haec
301 2397 412 2443 loca
447 2411 550 2443 non
586 2394 712 2443 tauri
749 2395 990 2458 spirantes
1026 2395 1227 2444 naribus
1264 2395 1430 2459 ignem

141 2476 380 2525 invertere
416 2476 531 2524 satis
567 2475 798 2524 immanis
835 2476 1068 2525 dentibus
1105 2477 1260 2539 hydri,

142 2575 235 2606 nec
270 2557 419 2620 galeis
451 2557 724 2620 densisque
758 2557 917 2606 virum
954 2575 1092 2621 seges
1128 2558 1315 2606 horruit
1351 2559 1538 2620 hastis3

143 2640 231 2686 sed
266 2637 493 2701 gravidae
528 2640 689 2700 fruges
726 2628 997 2686 etBacchi
1034 2639 1279 2686 Massicus
1316 2656 1459 2687 umor

143 2719 407 2781 implevere
425 2737 439 2778 3
487 2727 658 2766 tenent
694 2721 833 2767 oleae
869 2728 1190 2782 armentaque
1226 2721 1365 2767 laeta.

1733 385 1806 425 115

1734 792 1811 819 120

1734 1202 1807 1241 1²5

1734 1607 1811 1646 130

1731 2012 1807 2052 135

203 2860 219 2885 1
233 2860 387 2895 14-—117
405 2845 517 2894 MV;
547 2848 732 2895 118-138
749 2847 824 2895 M3
858 2860 1043 2896 139-144
1060 2846 1152 2884 MP
1398 2860 1468 2886 121
1492 2848 1595 2886 alios
1610 2850 1808 2899 depectat

145 2900 282 2952 legisse
310 2906 482 2939 testatur
498 2900 629 2950 Serv„
654 2906 702 2939 ut
730 2902 860 2940 Seres
882 2908 959 2951 pro
983 2901 1065 2940 Ser
1092 2902 1286 2952 scriplum
1315 2903 1369 2939 sit
1518 2904 1705 2952 129=iii.
1727 2905 1808 2952 283

145 2956 188 2992 in
214 2955 263 2992 M
289 2956 399 3004 infra
418 2956 613 3006 scriptum
630 2956 806 3006 seposuit
825 2956 942 2994 Ribb.
1102 2957 1180 3004 136
1210 2955 1344 3007 terra]
1367 2969 1497 3006 regna
1518 2956 1569 2993 M
1574 2960 1587 2979 ¹

144 3009 352 3057 oleaeque
371 3009 422 3047 M
425 3008 441 3030 ²

1730 2971 1807 3007 144
