<?xml version="1.0" encoding="UTF-8"?>
<!DOCTYPE html PUBLIC "-//W3C//DTD XHTML 1.0 Transitional//EN"
    "http://www.w3.org/TR/xhtml1/DTD/xhtml1-transitional.dtd">
<html xmlns="http://www.w3.org/1999/xhtml" xml:lang="en" lang="en">
 <head>
  <title>
</title>
<meta http-equiv="Content-Type" content="text/html;charset=utf-8" />
  <meta name='ocr-system' content='tesseract 3.04.00' />
  <meta name='ocr-capabilities' content='ocr_page ocr_carea ocr_par ocr_line ocrx_word'/>
</head>
<body>
  <div class='ocr_page' id='page_1' title='image "./operarecognovitb00virguoft/operarecognovitb00virguoft_0092.png"; bbox 0 0 2046 3380; ppageno 0'>
   <div class='ocr_carea' id='block_1_1' title="bbox 238 121 996 171">
    <p class='ocr_par' dir='ltr' id='par_1_1' title="bbox 238 121 996 171">
     <span class='ocr_line' id='line_1_1' title="bbox 238 121 996 171; baseline 0 -2"><span class='ocrx_word' id='word_1_1' title='bbox 238 123 287 170; x_wconf 87' lang='lat' dir='ltr'><strong>P.</strong></span> <span class='ocrx_word' id='word_1_2' title='bbox 329 122 629 170; x_wconf 89' lang='lat' dir='ltr'>VERGILI</span> <span class='ocrx_word' id='word_1_3' title='bbox 669 121 996 171; x_wconf 90' lang='lat' dir='ltr'><strong>MARONIS</strong></span> 
     </span>
    </p>
   </div>
   <div class='ocr_carea' id='block_1_2' title="bbox 233 261 1911 903">
    <p class='ocr_par' dir='ltr' id='par_1_2' title="bbox 233 261 1909 657">
     <span class='ocr_line' id='line_1_2' title="bbox 236 261 1491 327; baseline -0.001 -16"><span class='ocrx_word' id='word_1_4' title='bbox 236 263 436 327; x_wconf 81' lang='lat' dir='ltr'><strong>Belgica</strong></span> <span class='ocrx_word' id='word_1_5' title='bbox 471 265 549 312; x_wconf 90' lang='lat' dir='ltr'><strong>vel</strong></span> <span class='ocrx_word' id='word_1_6' title='bbox 586 262 724 312; x_wconf 90' lang='lat' dir='ltr'><strong>molli</strong></span> <span class='ocrx_word' id='word_1_7' title='bbox 763 261 939 311; x_wconf 87' lang='lat' dir='ltr'><strong>melius</strong></span> <span class='ocrx_word' id='word_1_8' title='bbox 976 263 1098 310; x_wconf 89' lang='lat' dir='ltr'><strong>feret</strong></span> <span class='ocrx_word' id='word_1_9' title='bbox 1135 262 1312 311; x_wconf 87' lang='lat' dir='ltr'><strong>esseda</strong></span> <span class='ocrx_word' id='word_1_10' title='bbox 1348 262 1491 310; x_wconf 94' lang='grc'><strong>00110.</strong></span> 
     </span>
     <span class='ocr_line' id='line_1_3' title="bbox 236 336 1909 409; baseline -0.002 -15"><span class='ocrx_word' id='word_1_11' title='bbox 236 355 341 394; x_wconf 91' lang='lat' dir='ltr'><strong>tum</strong></span> <span class='ocrx_word' id='word_1_12' title='bbox 380 348 586 396; x_wconf 93' lang='lat' dir='ltr'><strong>demum</strong></span> <span class='ocrx_word' id='word_1_13' title='bbox 624 362 788 395; x_wconf 89' lang='lat' dir='ltr'><strong>crassa</strong></span> <span class='ocrx_word' id='word_1_14' title='bbox 823 361 1060 409; x_wconf 89' lang='lat' dir='ltr'><strong>magnum</strong></span> <span class='ocrx_word' id='word_1_15' title='bbox 1097 343 1337 407; x_wconf 88' lang='lat' dir='ltr'><strong>farragine</strong></span> <span class='ocrx_word' id='word_1_16' title='bbox 1379 360 1557 407; x_wconf 92' lang='lat' dir='ltr'><strong>corpus</strong></span> <span class='ocrx_word' id='word_1_17' title='bbox 1753 336 1756 339; x_wconf 55' lang='grc'><strong>’</strong></span> <span class='ocrx_word' id='word_1_18' title='bbox 1834 362 1909 403; x_wconf 86' lang='lat'><strong>²05</strong></span> 
     </span>
     <span class='ocr_line' id='line_1_4' title="bbox 235 425 1810 490; baseline -0.002 -13"><span class='ocrx_word' id='word_1_19' title='bbox 235 443 454 478; x_wconf 91' lang='lat' dir='ltr'><strong>crescere</strong></span> <span class='ocrx_word' id='word_1_20' title='bbox 490 428 589 477; x_wconf 91' lang='lat' dir='ltr'><strong>iam</strong></span> <span class='ocrx_word' id='word_1_21' title='bbox 627 427 829 477; x_wconf 92' lang='lat' dir='ltr'><strong>domitis</strong></span> <span class='ocrx_word' id='word_1_22' title='bbox 866 427 1044 476; x_wconf 84' lang='lat' dir='ltr'><strong>sinito:</strong></span> <span class='ocrx_word' id='word_1_23' title='bbox 1094 443 1311 490; x_wconf 91' lang='lat' dir='ltr'><strong>namque</strong></span> <span class='ocrx_word' id='word_1_24' title='bbox 1348 435 1463 475; x_wconf 88' lang='lat' dir='ltr'><strong>ante</strong></span> <span class='ocrx_word' id='word_1_25' title='bbox 1499 425 1810 475; x_wconf 88' lang='lat' dir='ltr'><strong>domandum</strong></span> 
     </span>
     <span class='ocr_line' id='line_1_5' title="bbox 234 509 1508 575; baseline -0.001 -17"><span class='ocrx_word' id='word_1_26' title='bbox 234 510 448 575; x_wconf 90' lang='lat' dir='ltr'><strong>ingentis</strong></span> <span class='ocrx_word' id='word_1_27' title='bbox 487 513 664 560; x_wconf 92' lang='lat' dir='ltr'><strong>tollent</strong></span> <span class='ocrx_word' id='word_1_28' title='bbox 700 510 910 570; x_wconf 86' lang='lat' dir='ltr'><strong>animos,</strong></span> <span class='ocrx_word' id='word_1_29' title='bbox 949 509 1217 574; x_wconf 81' lang='lat' dir='ltr'>prensique</span> <span class='ocrx_word' id='word_1_30' title='bbox 1254 509 1508 572; x_wconf 90' lang='lat' dir='ltr'><strong>negabunt</strong></span> 
     </span>
     <span class='ocr_line' id='line_1_6' title="bbox 233 590 1435 657; baseline -0.002 -15"><span class='ocrx_word' id='word_1_31' title='bbox 233 594 436 642; x_wconf 87' lang='lat' dir='ltr'><strong>verbera</strong></span> <span class='ocrx_word' id='word_1_32' title='bbox 472 595 606 642; x_wconf 90' lang='lat' dir='ltr'><strong>lenta</strong></span> <span class='ocrx_word' id='word_1_33' title='bbox 642 592 744 657; x_wconf 88' lang='lat' dir='ltr'><strong>pati</strong></span> <span class='ocrx_word' id='word_1_34' title='bbox 781 602 830 642; x_wconf 92' lang='lat' dir='ltr'><strong>et</strong></span> <span class='ocrx_word' id='word_1_35' title='bbox 866 592 1000 642; x_wconf 91' lang='lat' dir='ltr'><strong>duris</strong></span> <span class='ocrx_word' id='word_1_36' title='bbox 1036 608 1207 655; x_wconf 91' lang='lat' dir='ltr'><strong>parere</strong></span> <span class='ocrx_word' id='word_1_37' title='bbox 1243 590 1435 654; x_wconf 90' lang='lat' dir='ltr'><strong>lupatis.</strong></span> 
     </span>
    </p>

    <p class='ocr_par' dir='ltr' id='par_1_3' title="bbox 234 673 1911 903">
     <span class='ocr_line' id='line_1_7' title="bbox 302 673 1497 739; baseline -0.003 -14"><span class='ocrx_word' id='word_1_38' title='bbox 302 678 402 725; x_wconf 90' lang='lat' dir='ltr'><strong>Sed</strong></span> <span class='ocrx_word' id='word_1_39' title='bbox 439 693 542 725; x_wconf 92' lang='lat' dir='ltr'><strong>non</strong></span> <span class='ocrx_word' id='word_1_40' title='bbox 578 678 679 724; x_wconf 92' lang='lat' dir='ltr'><strong>ulla</strong></span> <span class='ocrx_word' id='word_1_41' title='bbox 716 675 871 739; x_wconf 85' lang='lat' dir='ltr'><strong>magis</strong></span> <span class='ocrx_word' id='word_1_42' title='bbox 907 674 1020 724; x_wconf 87' lang='lat' dir='ltr'><strong>viris</strong></span> <span class='ocrx_word' id='word_1_43' title='bbox 1057 673 1300 724; x_wconf 87' lang='lat' dir='ltr'><strong>industria</strong></span> <span class='ocrx_word' id='word_1_44' title='bbox 1336 674 1497 721; x_wconf 90' lang='lat' dir='ltr'><strong>firmat</strong></span> 
     </span>
     <span class='ocr_line' id='line_1_8' title="bbox 234 753 1911 822; baseline -0.003 -15"><span class='ocrx_word' id='word_1_45' title='bbox 234 776 384 822; x_wconf 91' lang='lat' dir='ltr'><strong>quam</strong></span> <span class='ocrx_word' id='word_1_46' title='bbox 422 761 670 808; x_wconf 82' lang='lat' dir='ltr'><strong>Venerem</strong></span> <span class='ocrx_word' id='word_1_47' title='bbox 709 767 757 807; x_wconf 92' lang='lat' dir='ltr'><strong>et</strong></span> <span class='ocrx_word' id='word_1_48' title='bbox 794 757 929 807; x_wconf 89' lang='lat' dir='ltr'><strong>caeci</strong></span> <span class='ocrx_word' id='word_1_49' title='bbox 966 756 1191 806; x_wconf 89' lang='lat' dir='ltr'><strong>stimulos</strong></span> <span class='ocrx_word' id='word_1_50' title='bbox 1228 764 1445 805; x_wconf 89' lang='lat' dir='ltr'><strong>avertere</strong></span> <span class='ocrx_word' id='word_1_51' title='bbox 1481 753 1676 814; x_wconf 85' lang='lat' dir='ltr'><strong>amoris,</strong></span> <span class='ocrx_word' id='word_1_52' title='bbox 1835 774 1911 803; x_wconf 63' lang='grc' dir='ltr'><strong>κιο</strong></span> 
     </span>
     <span class='ocr_line' id='line_1_9' title="bbox 235 838 1556 903; baseline -0.003 -14"><span class='ocrx_word' id='word_1_53' title='bbox 235 840 335 889; x_wconf 92' lang='lat' dir='ltr'><strong>sive</strong></span> <span class='ocrx_word' id='word_1_54' title='bbox 372 841 527 889; x_wconf 93' lang='lat' dir='ltr'><strong>boum</strong></span> <span class='ocrx_word' id='word_1_55' title='bbox 565 839 666 889; x_wconf 89' lang='lat' dir='ltr'><strong>sive</strong></span> <span class='ocrx_word' id='word_1_56' title='bbox 704 849 777 889; x_wconf 90' lang='lat' dir='ltr'><strong>est</strong></span> <span class='ocrx_word' id='word_1_57' title='bbox 814 839 894 888; x_wconf 92' lang='lat' dir='ltr'><strong>cui</strong></span> <span class='ocrx_word' id='word_1_58' title='bbox 930 838 1110 903; x_wconf 83' lang='lat' dir='ltr'>gratior</span> <span class='ocrx_word' id='word_1_59' title='bbox 1145 855 1263 887; x_wconf 89' lang='lat' dir='ltr'><strong>usus</strong></span> <span class='ocrx_word' id='word_1_60' title='bbox 1301 853 1556 900; x_wconf 91' lang='lat' dir='ltr'><strong>equorum.</strong></span> 
     </span>
    </p>
   </div>
   <div class='ocr_carea' id='block_1_3' title="bbox 233 920 1807 1064">
    <p class='ocr_par' dir='ltr' id='par_1_4' title="bbox 233 920 1807 1064">
     <span class='ocr_line' id='line_1_10' title="bbox 234 920 1615 986; baseline -0.003 -15"><span class='ocrx_word' id='word_1_61' title='bbox 234 931 382 986; x_wconf 88' lang='lat' dir='ltr'><strong>atque</strong></span> <span class='ocrx_word' id='word_1_62' title='bbox 419 922 534 972; x_wconf 92' lang='lat' dir='ltr'><strong>ideo</strong></span> <span class='ocrx_word' id='word_1_63' title='bbox 570 931 736 972; x_wconf 90' lang='lat' dir='ltr'><strong>tauros</strong></span> <span class='ocrx_word' id='word_1_64' title='bbox 773 924 946 986; x_wconf 93' lang='lat' dir='ltr'><strong>procul</strong></span> <span class='ocrx_word' id='word_1_65' title='bbox 984 930 1134 984; x_wconf 88' lang='lat' dir='ltr'><strong>atque</strong></span> <span class='ocrx_word' id='word_1_66' title='bbox 1170 920 1221 968; x_wconf 92' lang='lat' dir='ltr'><strong>in</strong></span> <span class='ocrx_word' id='word_1_67' title='bbox 1259 921 1363 969; x_wconf 93' lang='lat' dir='ltr'><strong>sola</strong></span> <span class='ocrx_word' id='word_1_68' title='bbox 1398 921 1615 982; x_wconf 88' lang='lat' dir='ltr'><strong>relegant</strong></span> 
     </span>
     <span class='ocr_line' id='line_1_11' title="bbox 233 996 1807 1064; baseline -0.003 -14"><span class='ocrx_word' id='word_1_69' title='bbox 233 1018 418 1064; x_wconf 88' lang='lat' dir='ltr'><strong>pascua</strong></span> <span class='ocrx_word' id='word_1_70' title='bbox 454 1010 567 1064; x_wconf 91' lang='lat' dir='ltr'><strong>post</strong></span> <span class='ocrx_word' id='word_1_71' title='bbox 604 1010 829 1050; x_wconf 90' lang='lat' dir='ltr'><strong>montem</strong></span> <span class='ocrx_word' id='word_1_72' title='bbox 868 999 1155 1064; x_wconf 88' lang='lat' dir='ltr'><strong>oppositum</strong></span> <span class='ocrx_word' id='word_1_73' title='bbox 1193 1007 1241 1048; x_wconf 93' lang='lat' dir='ltr'><strong>et</strong></span> <span class='ocrx_word' id='word_1_74' title='bbox 1278 1007 1411 1047; x_wconf 88' lang='lat' dir='ltr'><strong>trans</strong></span> <span class='ocrx_word' id='word_1_75' title='bbox 1449 996 1655 1046; x_wconf 88' lang='lat' dir='ltr'><strong>flumina</strong></span> <span class='ocrx_word' id='word_1_76' title='bbox 1696 997 1807 1057; x_wconf 91' lang='lat' dir='ltr'><strong>lata,</strong></span> 
     </span>
    </p>
   </div>
   <div class='ocr_carea' id='block_1_4' title="bbox 230 1079 1912 2622">
    <p class='ocr_par' dir='ltr' id='par_1_5' title="bbox 232 1079 1555 1144">
     <span class='ocr_line' id='line_1_12' title="bbox 232 1079 1555 1144; baseline -0.003 -13"><span class='ocrx_word' id='word_1_77' title='bbox 232 1092 318 1131; x_wconf 89' lang='lat' dir='ltr'><strong>aut</strong></span> <span class='ocrx_word' id='word_1_78' title='bbox 354 1082 486 1131; x_wconf 86' lang='lat' dir='ltr'><strong>intus</strong></span> <span class='ocrx_word' id='word_1_79' title='bbox 524 1085 719 1131; x_wconf 90' lang='lat' dir='ltr'><strong>clausos</strong></span> <span class='ocrx_word' id='word_1_80' title='bbox 757 1091 919 1131; x_wconf 89' lang='lat' dir='ltr'><strong>satura</strong></span> <span class='ocrx_word' id='word_1_81' title='bbox 955 1083 1020 1130; x_wconf 94' lang='lat' dir='ltr'><strong>ad</strong></span> <span class='ocrx_word' id='word_1_82' title='bbox 1057 1079 1312 1144; x_wconf 86' lang='lat' dir='ltr'><strong>praesepia</strong></span> <span class='ocrx_word' id='word_1_83' title='bbox 1349 1088 1555 1128; x_wconf 88' lang='lat' dir='ltr'><strong>servant.</strong></span> 
     </span>
    </p>

    <p class='ocr_par' dir='ltr' id='par_1_6' title="bbox 232 1160 1908 1472">
     <span class='ocr_line' id='line_1_13' title="bbox 234 1160 1908 1227; baseline -0.003 -15"><span class='ocrx_word' id='word_1_84' title='bbox 234 1164 389 1227; x_wconf 84' lang='lat' dir='ltr'>carpit</span> <span class='ocrx_word' id='word_1_85' title='bbox 426 1163 559 1213; x_wconf 92' lang='lat' dir='ltr'><strong>enim</strong></span> <span class='ocrx_word' id='word_1_86' title='bbox 597 1163 709 1212; x_wconf 88' lang='lat' dir='ltr'><strong>viris</strong></span> <span class='ocrx_word' id='word_1_87' title='bbox 746 1162 986 1226; x_wconf 88' lang='lat' dir='ltr'><strong>paulatim</strong></span> <span class='ocrx_word' id='word_1_88' title='bbox 1024 1161 1219 1225; x_wconf 87' lang='lat' dir='ltr'><strong>uritque</strong></span> <span class='ocrx_word' id='word_1_89' title='bbox 1256 1160 1476 1210; x_wconf 91' lang='lat' dir='ltr'><strong>videndo</strong></span> <span class='ocrx_word' id='word_1_90' title='bbox 1834 1178 1908 1220; x_wconf 82' lang='lat'><strong>215</strong></span> 
     </span>
     <span class='ocr_line' id='line_1_14' title="bbox 232 1241 1758 1308; baseline -0.003 -14"><span class='ocrx_word' id='word_1_91' title='bbox 232 1245 431 1306; x_wconf 87' lang='lat' dir='ltr'><strong>femina,</strong></span> <span class='ocrx_word' id='word_1_92' title='bbox 471 1262 565 1295; x_wconf 91' lang='lat' dir='ltr'><strong>nec</strong></span> <span class='ocrx_word' id='word_1_93' title='bbox 601 1261 865 1294; x_wconf 92' lang='lat' dir='ltr'><strong>nemorum</strong></span> <span class='ocrx_word' id='word_1_94' title='bbox 902 1243 1084 1308; x_wconf 90' lang='lat' dir='ltr'><strong>patitur</strong></span> <span class='ocrx_word' id='word_1_95' title='bbox 1121 1241 1407 1292; x_wconf 87' lang='lat' dir='ltr'><strong>meminisse</strong></span> <span class='ocrx_word' id='word_1_96' title='bbox 1445 1258 1539 1290; x_wconf 91' lang='lat' dir='ltr'><strong>nec</strong></span> <span class='ocrx_word' id='word_1_97' title='bbox 1574 1241 1758 1290; x_wconf 84' lang='lat' dir='ltr'><strong>herbae</strong></span> 
     </span>
     <span class='ocr_line' id='line_1_15' title="bbox 233 1323 1690 1390; baseline -0.003 -14"><span class='ocrx_word' id='word_1_98' title='bbox 233 1327 464 1377; x_wconf 84' lang='lat' dir='ltr'><strong>dulcibus</strong></span> <span class='ocrx_word' id='word_1_99' title='bbox 502 1327 585 1376; x_wconf 88' lang='lat' dir='ltr'><strong>illa</strong></span> <span class='ocrx_word' id='word_1_100' title='bbox 621 1326 827 1390; x_wconf 92' lang='lat' dir='ltr'><strong>quidem</strong></span> <span class='ocrx_word' id='word_1_101' title='bbox 863 1325 1139 1385; x_wconf 88' lang='lat' dir='ltr'><strong>inlecebris,</strong></span> <span class='ocrx_word' id='word_1_102' title='bbox 1180 1334 1229 1374; x_wconf 90' lang='lat' dir='ltr'><strong>et</strong></span> <span class='ocrx_word' id='word_1_103' title='bbox 1266 1341 1414 1387; x_wconf 84' lang='lat' dir='ltr'><strong>saepe</strong></span> <span class='ocrx_word' id='word_1_104' title='bbox 1451 1323 1690 1387; x_wconf 88' lang='lat' dir='ltr'><strong>superbos</strong></span> 
     </span>
     <span class='ocr_line' id='line_1_16' title="bbox 233 1405 1500 1472; baseline -0.003 -14"><span class='ocrx_word' id='word_1_105' title='bbox 233 1409 467 1459; x_wconf 89' lang='lat' dir='ltr'><strong>cornibus</strong></span> <span class='ocrx_word' id='word_1_106' title='bbox 503 1409 631 1458; x_wconf 92' lang='lat' dir='ltr'><strong>inter</strong></span> <span class='ocrx_word' id='word_1_107' title='bbox 667 1426 720 1458; x_wconf 90' lang='lat' dir='ltr'><strong>se</strong></span> <span class='ocrx_word' id='word_1_108' title='bbox 757 1408 938 1472; x_wconf 87' lang='lat' dir='ltr'><strong>subigit</strong></span> <span class='ocrx_word' id='word_1_109' title='bbox 975 1410 1241 1457; x_wconf 91' lang='lat' dir='ltr'><strong>decernere</strong></span> <span class='ocrx_word' id='word_1_110' title='bbox 1277 1405 1500 1455; x_wconf 86' lang='lat' dir='ltr'><strong>amantis.</strong></span> 
     </span>
    </p>

    <p class='ocr_par' dir='ltr' id='par_1_7' title="bbox 232 1489 1419 1556">
     <span class='ocr_line' id='line_1_17' title="bbox 232 1489 1419 1556; baseline -0.003 -15"><span class='ocrx_word' id='word_1_111' title='bbox 232 1492 448 1556; x_wconf 87' lang='lat' dir='ltr'><strong>pascitur</strong></span> <span class='ocrx_word' id='word_1_112' title='bbox 484 1492 535 1540; x_wconf 92' lang='lat' dir='ltr'><strong>in</strong></span> <span class='ocrx_word' id='word_1_113' title='bbox 573 1509 753 1555; x_wconf 87' lang='lat' dir='ltr'><strong>magna</strong></span> <span class='ocrx_word' id='word_1_114' title='bbox 789 1490 888 1540; x_wconf 85' lang='lat' dir='ltr'><strong>Sila</strong></span> <span class='ocrx_word' id='word_1_115' title='bbox 925 1492 1142 1540; x_wconf 89' lang='lat' dir='ltr'><strong>formosa</strong></span> <span class='ocrx_word' id='word_1_116' title='bbox 1178 1489 1419 1538; x_wconf 87' lang='lat' dir='ltr'><strong>iuvenca:</strong></span> 
     </span>
    </p>

    <p class='ocr_par' dir='ltr' id='par_1_8' title="bbox 231 1572 1912 1718">
     <span class='ocr_line' id='line_1_18' title="bbox 231 1572 1912 1637; baseline -0.004 -12"><span class='ocrx_word' id='word_1_117' title='bbox 231 1575 301 1624; x_wconf 91' lang='lat' dir='ltr'><strong>illi</strong></span> <span class='ocrx_word' id='word_1_118' title='bbox 337 1578 637 1625; x_wconf 82' lang='lat' dir='ltr'><strong>alternantes</strong></span> <span class='ocrx_word' id='word_1_119' title='bbox 674 1577 831 1624; x_wconf 89' lang='lat' dir='ltr'><strong>multa</strong></span> <span class='ocrx_word' id='word_1_120' title='bbox 867 1573 914 1622; x_wconf 90' lang='lat' dir='ltr'><strong>vi</strong></span> <span class='ocrx_word' id='word_1_121' title='bbox 951 1573 1137 1637; x_wconf 89' lang='lat' dir='ltr'><strong>proelia</strong></span> <span class='ocrx_word' id='word_1_122' title='bbox 1174 1572 1386 1621; x_wconf 88' lang='lat' dir='ltr'><strong>miscent</strong></span> <span class='ocrx_word' id='word_1_123' title='bbox 1834 1591 1912 1620; x_wconf 90' lang='lat'><strong>220</strong></span> 
     </span>
     <span class='ocr_line' id='line_1_19' title="bbox 231 1653 1542 1718; baseline -0.004 -11"><span class='ocrx_word' id='word_1_124' title='bbox 231 1658 518 1707; x_wconf 88' lang='lat' dir='ltr'><strong>vulneribus</strong></span> <span class='ocrx_word' id='word_1_125' title='bbox 556 1657 754 1718; x_wconf 83' lang='lat' dir='ltr'><strong>crebris,</strong></span> <span class='ocrx_word' id='word_1_126' title='bbox 793 1655 910 1705; x_wconf 90' lang='lat' dir='ltr'><strong>lavit</strong></span> <span class='ocrx_word' id='word_1_127' title='bbox 946 1665 1049 1705; x_wconf 90' lang='lat' dir='ltr'><strong>ater</strong></span> <span class='ocrx_word' id='word_1_128' title='bbox 1087 1672 1294 1718; x_wconf 91' lang='lat' dir='ltr'><strong>corpora</strong></span> <span class='ocrx_word' id='word_1_129' title='bbox 1331 1653 1542 1718; x_wconf 82' lang='lat' dir='ltr'><strong>sanguis,</strong></span> 
     </span>
    </p>

    <p class='ocr_par' dir='ltr' id='par_1_9' title="bbox 231 1740 1470 1805">
     <span class='ocr_line' id='line_1_20' title="bbox 231 1740 1470 1805; baseline -0.004 -15"><span class='ocrx_word' id='word_1_130' title='bbox 231 1758 470 1805; x_wconf 88' lang='lat' dir='ltr'><strong>versaque</strong></span> <span class='ocrx_word' id='word_1_131' title='bbox 506 1741 557 1789; x_wconf 94' lang='lat' dir='ltr'><strong>in</strong></span> <span class='ocrx_word' id='word_1_132' title='bbox 595 1740 805 1790; x_wconf 88' lang='lat' dir='ltr'><strong>obnixos</strong></span> <span class='ocrx_word' id='word_1_133' title='bbox 842 1747 1076 1803; x_wconf 89' lang='lat' dir='ltr'><strong>urgentur</strong></span> <span class='ocrx_word' id='word_1_134' title='bbox 1111 1755 1297 1787; x_wconf 91' lang='lat' dir='ltr'><strong>cornua</strong></span> <span class='ocrx_word' id='word_1_135' title='bbox 1331 1746 1470 1785; x_wconf 88' lang='lat' dir='ltr'><strong>vasto</strong></span> 
     </span>
    </p>

    <p class='ocr_par' dir='ltr' id='par_1_10' title="bbox 232 1819 1716 1886">
     <span class='ocr_line' id='line_1_21' title="bbox 232 1819 1716 1886; baseline -0.004 -14"><span class='ocrx_word' id='word_1_136' title='bbox 232 1840 347 1872; x_wconf 94' lang='lat' dir='ltr'><strong>cum</strong></span> <span class='ocrx_word' id='word_1_137' title='bbox 384 1823 585 1886; x_wconf 86' lang='lat' dir='ltr'><strong>gemitu,</strong></span> <span class='ocrx_word' id='word_1_138' title='bbox 624 1824 833 1872; x_wconf 89' lang='lat' dir='ltr'><strong>reboant</strong></span> <span class='ocrx_word' id='word_1_139' title='bbox 871 1822 1123 1884; x_wconf 88' lang='lat' dir='ltr'><strong>silvaeque</strong></span> <span class='ocrx_word' id='word_1_140' title='bbox 1160 1829 1209 1869; x_wconf 92' lang='lat' dir='ltr'><strong>et</strong></span> <span class='ocrx_word' id='word_1_141' title='bbox 1245 1822 1421 1883; x_wconf 89' lang='lat' dir='ltr'><strong>longus</strong></span> <span class='ocrx_word' id='word_1_142' title='bbox 1460 1819 1716 1882; x_wconf 89' lang='lat' dir='ltr'><strong>Olympus.</strong></span> 
     </span>
    </p>

    <p class='ocr_par' dir='ltr' id='par_1_11' title="bbox 231 1902 1459 1961">
     <span class='ocr_line' id='line_1_22' title="bbox 231 1902 1459 1961; baseline -0.003 -9"><span class='ocrx_word' id='word_1_143' title='bbox 231 1921 325 1953; x_wconf 92' lang='lat' dir='ltr'><strong>nec</strong></span> <span class='ocrx_word' id='word_1_144' title='bbox 362 1921 470 1954; x_wconf 89' lang='lat' dir='ltr'><strong>mos</strong></span> <span class='ocrx_word' id='word_1_145' title='bbox 508 1903 737 1953; x_wconf 89' lang='lat' dir='ltr'><strong>bellantis</strong></span> <span class='ocrx_word' id='word_1_146' title='bbox 775 1919 875 1952; x_wconf 92' lang='lat' dir='ltr'><strong>una</strong></span> <span class='ocrx_word' id='word_1_147' title='bbox 911 1903 1172 1961; x_wconf 83' lang='lat' dir='ltr'><strong>stabulare,</strong></span> <span class='ocrx_word' id='word_1_148' title='bbox 1212 1902 1300 1950; x_wconf 85' lang='lat' dir='ltr'><strong>sed</strong></span> <span class='ocrx_word' id='word_1_149' title='bbox 1336 1902 1459 1949; x_wconf 86' lang='lat' dir='ltr'><strong>alter</strong></span> 
     </span>
    </p>

    <p class='ocr_par' dir='ltr' id='par_1_12' title="bbox 231 1982 1908 2132">
     <span class='ocr_line' id='line_1_23' title="bbox 231 1982 1908 2050; baseline -0.004 -15"><span class='ocrx_word' id='word_1_150' title='bbox 231 1987 388 2035; x_wconf 91' lang='lat' dir='ltr'><strong>victus</strong></span> <span class='ocrx_word' id='word_1_151' title='bbox 426 1986 529 2035; x_wconf 87' lang='lat' dir='ltr'><strong>abit</strong></span> <span class='ocrx_word' id='word_1_152' title='bbox 565 1988 813 2050; x_wconf 87' lang='lat' dir='ltr'><strong>longeque</strong></span> <span class='ocrx_word' id='word_1_153' title='bbox 849 1983 1029 2049; x_wconf 89' lang='lat' dir='ltr'><strong>ignotis</strong></span> <span class='ocrx_word' id='word_1_154' title='bbox 1068 1985 1255 2032; x_wconf 88' lang='lat' dir='ltr'><strong>exsulat</strong></span> <span class='ocrx_word' id='word_1_155' title='bbox 1291 1982 1400 2031; x_wconf 90' lang='lat' dir='ltr'><strong>oris.</strong></span> <span class='ocrx_word' id='word_1_156' title='bbox 1832 2000 1908 2041; x_wconf 85' lang='lat'><strong>2²5</strong></span> 
     </span>
     <span class='ocr_line' id='line_1_24' title="bbox 231 2063 1530 2132; baseline -0.004 -15"><span class='ocrx_word' id='word_1_157' title='bbox 231 2071 387 2117; x_wconf 90' lang='lat' dir='ltr'><strong>multa</strong></span> <span class='ocrx_word' id='word_1_158' title='bbox 422 2084 626 2132; x_wconf 86' lang='lat' dir='ltr'><strong>gemens</strong></span> <span class='ocrx_word' id='word_1_159' title='bbox 662 2066 988 2130; x_wconf 90' lang='lat' dir='ltr'><strong>ignominiam</strong></span> <span class='ocrx_word' id='word_1_160' title='bbox 1025 2067 1293 2129; x_wconf 86' lang='lat' dir='ltr'><strong>plagasque</strong></span> <span class='ocrx_word' id='word_1_161' title='bbox 1331 2063 1530 2128; x_wconf 89' lang='lat' dir='ltr'><strong>superbi</strong></span> 
     </span>
    </p>

    <p class='ocr_par' dir='ltr' id='par_1_13' title="bbox 230 2147 1417 2212">
     <span class='ocr_line' id='line_1_25' title="bbox 230 2147 1417 2212; baseline -0.004 -13"><span class='ocrx_word' id='word_1_162' title='bbox 230 2150 442 2210; x_wconf 84' lang='lat' dir='ltr'><strong>victoris,</strong></span> <span class='ocrx_word' id='word_1_163' title='bbox 482 2160 588 2199; x_wconf 92' lang='lat' dir='ltr'><strong>tum</strong></span> <span class='ocrx_word' id='word_1_164' title='bbox 627 2166 753 2212; x_wconf 93' lang='lat' dir='ltr'><strong>quos</strong></span> <span class='ocrx_word' id='word_1_165' title='bbox 789 2148 953 2197; x_wconf 86' lang='lat' dir='ltr'><strong>amisit</strong></span> <span class='ocrx_word' id='word_1_166' title='bbox 988 2147 1173 2196; x_wconf 90' lang='lat' dir='ltr'><strong>inultus</strong></span> <span class='ocrx_word' id='word_1_167' title='bbox 1210 2163 1417 2206; x_wconf 84' lang='lat' dir='ltr'><strong>amores,</strong></span> 
     </span>
    </p>

    <p class='ocr_par' dir='ltr' id='par_1_14' title="bbox 230 2227 1458 2293">
     <span class='ocr_line' id='line_1_26' title="bbox 230 2227 1458 2293; baseline -0.005 -12"><span class='ocrx_word' id='word_1_168' title='bbox 230 2242 279 2280; x_wconf 90' lang='lat' dir='ltr'><strong>et</strong></span> <span class='ocrx_word' id='word_1_169' title='bbox 316 2233 510 2281; x_wconf 86' lang='lat' dir='ltr'><strong>stabula</strong></span> <span class='ocrx_word' id='word_1_170' title='bbox 545 2239 806 2293; x_wconf 89' lang='lat' dir='ltr'><strong>aspectans</strong></span> <span class='ocrx_word' id='word_1_171' title='bbox 843 2228 1003 2292; x_wconf 86' lang='lat' dir='ltr'><strong>regnis</strong></span> <span class='ocrx_word' id='word_1_172' title='bbox 1041 2228 1248 2277; x_wconf 88' lang='lat' dir='ltr'><strong>excessit</strong></span> <span class='ocrx_word' id='word_1_173' title='bbox 1285 2227 1458 2276; x_wconf 85' lang='lat' dir='ltr'><strong>avitis:</strong></span> 
     </span>
    </p>

    <p class='ocr_par' dir='ltr' id='par_1_15' title="bbox 231 2311 1299 2377">
     <span class='ocr_line' id='line_1_27' title="bbox 231 2311 1299 2377; baseline -0.003 -15"><span class='ocrx_word' id='word_1_174' title='bbox 231 2330 346 2377; x_wconf 86' lang='lat' dir='ltr'><strong>ergo</strong></span> <span class='ocrx_word' id='word_1_175' title='bbox 383 2313 521 2362; x_wconf 88' lang='lat' dir='ltr'><strong>omni</strong></span> <span class='ocrx_word' id='word_1_176' title='bbox 558 2329 675 2362; x_wconf 87' lang='lat' dir='ltr'><strong>cura</strong></span> <span class='ocrx_word' id='word_1_177' title='bbox 709 2311 822 2360; x_wconf 92' lang='lat' dir='ltr'><strong>viris</strong></span> <span class='ocrx_word' id='word_1_178' title='bbox 859 2320 1052 2360; x_wconf 86' lang='lat' dir='ltr'><strong>exercet</strong></span> <span class='ocrx_word' id='word_1_179' title='bbox 1089 2320 1137 2359; x_wconf 91' lang='lat' dir='ltr'><strong>et</strong></span> <span class='ocrx_word' id='word_1_180' title='bbox 1173 2311 1299 2360; x_wconf 88' lang='lat' dir='ltr'><strong>inter</strong></span> 
     </span>
    </p>

    <p class='ocr_par' dir='ltr' id='par_1_16' title="bbox 230 2393 1908 2539">
     <span class='ocr_line' id='line_1_28' title="bbox 230 2393 1908 2458; baseline -0.002 -15"><span class='ocrx_word' id='word_1_181' title='bbox 230 2396 353 2443; x_wconf 90' lang='lat' dir='ltr'><strong>dura</strong></span> <span class='ocrx_word' id='word_1_182' title='bbox 390 2395 516 2444; x_wconf 89' lang='lat' dir='ltr'><strong>iacet</strong></span> <span class='ocrx_word' id='word_1_183' title='bbox 551 2393 723 2458; x_wconf 89' lang='lat' dir='ltr'><strong>pernix</strong></span> <span class='ocrx_word' id='word_1_184' title='bbox 758 2393 964 2443; x_wconf 91' lang='lat' dir='ltr'><strong>instrato</strong></span> <span class='ocrx_word' id='word_1_185' title='bbox 1002 2411 1117 2443; x_wconf 90' lang='lat' dir='ltr'><strong>saxa</strong></span> <span class='ocrx_word' id='word_1_186' title='bbox 1154 2393 1306 2443; x_wconf 91' lang='lat' dir='ltr'><strong>cubili</strong></span> <span class='ocrx_word' id='word_1_187' title='bbox 1832 2411 1908 2452; x_wconf 82' lang='lat'><strong>230</strong></span> 
     </span>
     <span class='ocr_line' id='line_1_29' title="bbox 230 2474 1407 2539; baseline 0.001 -15"><span class='ocrx_word' id='word_1_188' title='bbox 230 2476 489 2525; x_wconf 90' lang='lat' dir='ltr'><strong>frondibus</strong></span> <span class='ocrx_word' id='word_1_189' title='bbox 526 2476 724 2525; x_wconf 89' lang='lat' dir='ltr'><strong>hirsutis</strong></span> <span class='ocrx_word' id='word_1_190' title='bbox 762 2485 810 2524; x_wconf 91' lang='lat' dir='ltr'><strong>et</strong></span> <span class='ocrx_word' id='word_1_191' title='bbox 847 2474 1006 2524; x_wconf 87' lang='lat' dir='ltr'><strong>carice</strong></span> <span class='ocrx_word' id='word_1_192' title='bbox 1043 2485 1212 2539; x_wconf 88' lang='lat' dir='ltr'><strong>pastus</strong></span> <span class='ocrx_word' id='word_1_193' title='bbox 1249 2486 1407 2537; x_wconf 90' lang='lat' dir='ltr'><strong>acuta,</strong></span> 
     </span>
    </p>

    <p class='ocr_par' dir='ltr' id='par_1_17' title="bbox 231 2559 1523 2622">
     <span class='ocr_line' id='line_1_30' title="bbox 231 2559 1523 2622; baseline 0.002 -16"><span class='ocrx_word' id='word_1_194' title='bbox 231 2567 278 2606; x_wconf 93' lang='lat' dir='ltr'><strong>et</strong></span> <span class='ocrx_word' id='word_1_195' title='bbox 315 2567 524 2621; x_wconf 86' lang='lat' dir='ltr'><strong>temptat</strong></span> <span class='ocrx_word' id='word_1_196' title='bbox 560 2575 667 2607; x_wconf 90' lang='lat' dir='ltr'><strong>sese</strong></span> <span class='ocrx_word' id='word_1_197' title='bbox 703 2567 852 2622; x_wconf 90' lang='lat' dir='ltr'><strong>atque</strong></span> <span class='ocrx_word' id='word_1_198' title='bbox 889 2559 1031 2608; x_wconf 89' lang='lat' dir='ltr'><strong>irasci</strong></span> <span class='ocrx_word' id='word_1_199' title='bbox 1068 2560 1118 2608; x_wconf 92' lang='lat' dir='ltr'><strong>in</strong></span> <span class='ocrx_word' id='word_1_200' title='bbox 1158 2578 1342 2610; x_wconf 86' lang='lat' dir='ltr'><strong>cornua</strong></span> <span class='ocrx_word' id='word_1_201' title='bbox 1379 2560 1523 2610; x_wconf 90' lang='lat' dir='ltr'><strong>discit</strong></span> 
     </span>
    </p>
   </div>
   <div class='ocr_carea' id='block_1_5' title="bbox 227 2687 1906 3073">
    <p class='ocr_par' dir='ltr' id='par_1_18' title="bbox 227 2687 1906 3073">
     <span class='ocr_line' id='line_1_31' title="bbox 229 2687 1904 2798; baseline 0.002 -17"><span class='ocrx_word' id='word_1_202' title='bbox 229 2702 474 2782; x_wconf 60' lang='lat' dir='ltr'><strong>1i0302‘l1‘1354</strong></span> <span class='ocrx_word' id='word_1_203' title='bbox 487 2687 1621 2798; x_wconf 40' lang='lat' dir='ltr'><strong>Affflsslssffsiffff‘fffiffifssfssffi³33Z3i²9sseffiRsnua</strong></span> <span class='ocrx_word' id='word_1_204' title='bbox 1654 2691 1904 2798; x_wconf 56' lang='grc' dir='ltr'><strong>Αἷιῖῗξῗέζ</strong></span> 
     </span>
     <span class='ocr_line' id='line_1_32' title="bbox 229 2800 1901 2855; baseline 0.002 -19"><span class='ocrx_word' id='word_1_205' title='bbox 229 2804 450 2849; x_wconf 78' lang='lat' dir='ltr'><strong>utrumque</strong></span> <span class='ocrx_word' id='word_1_206' title='bbox 461 2800 646 2850; x_wconf 84' lang='lat' dir='ltr'><strong>agnoscit</strong></span> <span class='ocrx_word' id='word_1_207' title='bbox 659 2800 774 2840; x_wconf 78' lang='lat' dir='ltr'><strong>serv.</strong></span> <span class='ocrx_word' id='word_1_208' title='bbox 893 2815 969 2841; x_wconf 85' lang='lat'><strong>221</strong></span> <span class='ocrx_word' id='word_1_209' title='bbox 1004 2803 1104 2841; x_wconf 91' lang='lat' dir='ltr'><strong>lavit</strong></span> <span class='ocrx_word' id='word_1_210' title='bbox 1120 2801 1174 2839; x_wconf 90' lang='grc' dir='ltr'><em>Μ</em></span> <span class='ocrx_word' id='word_1_211' title='bbox 1179 2802 1327 2852; x_wconf 74' lang='grc' dir='ltr'>ῙΡΗγε</span> <span class='ocrx_word' id='word_1_212' title='bbox 1338 2802 1631 2855; x_wconf 79' lang='lat' dir='ltr'><strong>Philargyn‘us</strong></span> <span class='ocrx_word' id='word_1_213' title='bbox 1644 2801 1761 2840; x_wconf 81' lang='lat' dir='ltr'><strong>schol.</strong></span> <span class='ocrx_word' id='word_1_214' title='bbox 1777 2800 1901 2839; x_wconf 82' lang='lat' dir='ltr'><strong>Bern.</strong></span> 
     </span>
     <span class='ocr_line' id='line_1_33' title="bbox 230 2854 1902 2907; baseline 0.002 -16"><span class='ocrx_word' id='word_1_215' title='bbox 230 2855 297 2903; x_wconf 86' lang='lat' dir='ltr'><strong>(ut</strong></span> <span class='ocrx_word' id='word_1_216' title='bbox 317 2854 417 2904; x_wconf 81' lang='lat' dir='ltr'><em>vid.)</em></span> <span class='ocrx_word' id='word_1_217' title='bbox 436 2868 443 2892; x_wconf 76' lang='grc' dir='ltr'>ε</span> <span class='ocrx_word' id='word_1_218' title='bbox 475 2854 586 2893; x_wconf 87' lang='lat' dir='ltr'><strong>lavat</strong></span> <span class='ocrx_word' id='word_1_219' title='bbox 620 2854 673 2892; x_wconf 89' lang='grc' dir='ltr'><strong>Μ</strong></span> <span class='ocrx_word' id='word_1_220' title='bbox 678 2855 717 2893; x_wconf 81' lang='lat' dir='ltr'><strong>2b</strong></span> <span class='ocrx_word' id='word_1_221' title='bbox 863 2870 943 2907; x_wconf 83' lang='lat'><strong>223</strong></span> <span class='ocrx_word' id='word_1_222' title='bbox 974 2863 1179 2896; x_wconf 87' lang='lat' dir='ltr'><strong>resonant</strong></span> <span class='ocrx_word' id='word_1_223' title='bbox 1199 2856 1254 2894; x_wconf 93' lang='lat' dir='ltr'><em>M</em></span> <span class='ocrx_word' id='word_1_224' title='bbox 1378 2857 1532 2907; x_wconf 89' lang='lat' dir='ltr'><strong>longus</strong></span> <span class='ocrx_word' id='word_1_225' title='bbox 1552 2855 1604 2894; x_wconf 96' lang='lat' dir='ltr'><em>M</em></span> <span class='ocrx_word' id='word_1_226' title='bbox 1609 2856 1623 2878; x_wconf 77' lang='lat'>²</span> <span class='ocrx_word' id='word_1_227' title='bbox 1643 2854 1902 2895; x_wconf 85' lang='lat' dir='ltr'><strong>Macrobius:</strong></span> 
     </span>
     <span class='ocr_line' id='line_1_34' title="bbox 227 2907 1906 2963; baseline 0.001 -16"><span class='ocrx_word' id='word_1_228' title='bbox 227 2907 397 2957; x_wconf 86' lang='lat' dir='ltr'><strong>longius</strong></span> <span class='ocrx_word' id='word_1_229' title='bbox 427 2907 481 2945; x_wconf 93' lang='lat' dir='ltr'><em>M</em></span> <span class='ocrx_word' id='word_1_230' title='bbox 486 2908 526 2946; x_wconf 74' lang='lat' dir='ltr'><strong>l:</strong></span> <span class='ocrx_word' id='word_1_231' title='bbox 581 2924 760 2961; x_wconf 87' lang='lat' dir='ltr'><strong>magnus</strong></span> <span class='ocrx_word' id='word_1_232' title='bbox 795 2911 952 2963; x_wconf 72' lang='lat' dir='ltr'><em>PR7bc</em></span> <span class='ocrx_word' id='word_1_233' title='bbox 1118 2925 1308 2962; x_wconf 84' lang='lat'><strong>224-229</strong></span> <span class='ocrx_word' id='word_1_234' title='bbox 1327 2911 1513 2950; x_wconf 65' lang='lat' dir='ltr'><strong>distmxa</strong></span> <span class='ocrx_word' id='word_1_235' title='bbox 1542 2911 1714 2950; x_wconf 83' lang='lat' dir='ltr'><strong>Hanow</strong></span> <span class='ocrx_word' id='word_1_236' title='bbox 1824 2921 1906 2958; x_wconf 83' lang='lat'><strong>230</strong></span> 
     </span>
     <span class='ocr_line' id='line_1_35' title="bbox 229 2963 1905 3017; baseline 0.002 -17"><span class='ocrx_word' id='word_1_237' title='bbox 229 2963 384 3012; x_wconf 86' lang='lat' dir='ltr'><strong>pernix</strong></span> <span class='ocrx_word' id='word_1_238' title='bbox 425 2963 534 3003; x_wconf 88' lang='lat' dir='ltr'><strong>codd.</strong></span> <span class='ocrx_word' id='word_1_239' title='bbox 578 2966 694 3006; x_wconf 84' lang='lat' dir='ltr'><strong>Serv.</strong></span> <span class='ocrx_word' id='word_1_240' title='bbox 745 2966 911 3005; x_wconf 78' lang='lat' dir='ltr'><strong><em>Nonius</em></strong></span> <span class='ocrx_word' id='word_1_241' title='bbox 950 2967 1069 3007; x_wconf 81' lang='lat' dir='ltr'><strong>schol.</strong></span> <span class='ocrx_word' id='word_1_242' title='bbox 1107 2966 1231 3007; x_wconf 85' lang='lat' dir='ltr'><strong>Bern.</strong></span> <span class='ocrx_word' id='word_1_243' title='bbox 1254 2981 1262 3005; x_wconf 75' lang='lat' dir='ltr'><strong><em>z</em></strong></span> <span class='ocrx_word' id='word_1_244' title='bbox 1321 2979 1488 3017; x_wconf 87' lang='lat' dir='ltr'><strong>pernox</strong></span> <span class='ocrx_word' id='word_1_245' title='bbox 1527 2965 1646 3005; x_wconf 76' lang='lat' dir='ltr'><strong>schol.</strong></span> <span class='ocrx_word' id='word_1_246' title='bbox 1692 2964 1905 3004; x_wconf 78' lang='lat' dir='ltr'><strong>Iuvenalia</strong></span> 
     </span>
     <span class='ocr_line' id='line_1_36' title="bbox 230 3021 1265 3073; baseline 0.005 -19"><span class='ocrx_word' id='word_1_247' title='bbox 230 3022 452 3068; x_wconf 76' lang='lat' dir='ltr'><strong>utrumque</strong></span> <span class='ocrx_word' id='word_1_248' title='bbox 473 3023 657 3072; x_wconf 82' lang='lat' dir='ltr'><strong>agnoscit</strong></span> <span class='ocrx_word' id='word_1_249' title='bbox 675 3021 972 3073; x_wconf 77' lang='lat' dir='ltr'><strong>Pln&#39;largyrius‚</strong></span> <span class='ocrx_word' id='word_1_250' title='bbox 992 3021 1141 3072; x_wconf 80' lang='lat' dir='ltr'><strong>probat</strong></span> <span class='ocrx_word' id='word_1_251' title='bbox 1160 3022 1265 3060; x_wconf 83' lang='lat' dir='ltr'><strong>illud</strong></span> 
     </span>
    </p>
   </div>
  </div>
 </body>
</html>
