2014 3372
228 140 282 187 P.
323 139 621 187 VERGILI
661 139 986 188 MARONIS

228 280 310 329 hic
346 280 437 329 tibi
473 298 536 330 ne
573 297 672 343 qua
707 297 875 329 morae
911 279 1092 329 fuerint
1130 279 1393 344 dispendia
1428 278 1564 339 tanti,

231 361 454 424 quamvis
492 361 789 424 increpitent
823 361 945 410 socii
981 371 1031 411 et
1065 361 1114 410 vi
1150 378 1319 410 cursus
1355 361 1408 409 in
1444 363 1599 409 altum

227 445 337 492 vela
371 452 527 502 vocet,
568 443 829 506 possisque
865 443 1002 492 sinus
1039 443 1244 508 implere
1280 444 1544 502 secundos,
1825 461 1914 504 455

227 524 349 589 quin
384 526 534 574 adeas
570 534 735 574 vatem
770 525 1101 589 precibusque
1138 527 1335 574 oracula
1369 541 1559 588 poscas,

226 607 334 670 ipsa
369 616 515 655 canat
550 624 828 671 vocemque
864 610 1035 657 volens
1072 617 1222 670 atque
1258 624 1344 657 ora
1378 608 1602 656 resolvat.

227 687 311 736 illa
347 687 437 736 tibi
475 687 648 737 Italiae
684 690 897 752 populos
933 697 1239 751 venturaque
1275 689 1407 736 bella

226 778 276 818 et
313 786 414 832 quo
451 787 703 833 quemque
739 772 895 819 modo
931 770 1189 833 fugiasque
1225 771 1451 832 ferasque
1486 769 1709 818 laborem

226 850 468 914 expediet,
510 867 782 914 cursusque
818 851 958 900 dabit
994 860 1225 900 venerata
1261 851 1521 899 secundos.
1823 857 1914 910 460·

226 933 350 981 haec
388 942 502 980 sunt
539 950 666 996 quae
703 942 872 982 nostra
905 933 1052 982 liceat
1088 942 1136 982 te
1173 949 1295 982 voce
1331 931 1535 981 moneri.

226 1015 353 1063 vade
390 1031 479 1078 age
517 1023 565 1063 et
601 1014 855 1078 ingentem
891 1015 1032 1064 factis
1067 1016 1139 1064 fer
1174 1016 1238 1063 ad
1274 1015 1474 1063 aethera
1508 1013 1740 1062 Troiam.’

296 1097 440 1157 Quae
476 1105 742 1160 postquam
778 1106 914 1146 vates
950 1096 1022 1145 sic
1058 1114 1142 1146 ore
1178 1098 1351 1146 effatus
1386 1095 1549 1144 amico
1585 1104 1672 1155 est,

226 1179 362 1226 dona
397 1177 581 1226 dehinc
617 1195 737 1227 auro
772 1177 937 1241 gravia
971 1187 1209 1240 sectoque
1244 1178 1511 1240 elephanto

225 1258 434 1322 imperat
470 1260 535 1307 ad
571 1258 709 1307 navis
746 1259 872 1319 ferri,
912 1259 1160 1323 stipatque
1196 1257 1373 1307 carinis
1820 1265 1903 1318 465

226 1339 400 1403 ingens
437 1349 696 1404 argentum
735 1342 1143 1404 Dodonaeosque
1178 1342 1382 1399 lebetas,

225 1421 429 1470 loricam
465 1432 745 1471 consertam
781 1423 941 1472 hamis
977 1440 1197 1486 auroque
1234 1422 1455 1480 trilicem,

225 1512 275 1552 et
311 1521 496 1552 conum
532 1504 737 1567 insignis
773 1507 941 1569 galeae
977 1505 1246 1568 cristasque
1283 1503 1540 1563 comantis,

225 1601 361 1632 arma
398 1585 733 1648 Neoptolemi.
808 1595 923 1634 sunt
959 1595 1008 1634 et
1044 1602 1132 1634 sua
1167 1587 1302 1634 dona
1335 1584 1540 1648 parenti.

225 1666 366 1715 addit
403 1683 573 1730 equos,
613 1667 855 1731 additque
891 1669 1057 1727 duces,
1819 1682 1904 1727 470

225 1749 485 1813 remigium
523 1752 731 1813 supplet,
772 1750 935 1800 socios
972 1750 1118 1798 simul
1154 1749 1349 1798 instruit
1383 1748 1543 1798 armis.

295 1833 492 1880 Interea
528 1833 736 1880 classem
773 1832 894 1881 velis
930 1841 1098 1895 aptare
1134 1831 1339 1881 iubebat

225 1911 485 1971 Anchises,
526 1914 665 1961 fieret
700 1922 850 1961 vento
886 1930 1025 1961 mora
1060 1930 1123 1961 ne
1160 1929 1258 1975 qua
1293 1911 1480 1961 ferenti.

226 2010 377 2056 quem
415 1993 608 2043 Phoebi
643 1993 882 2057 interpres
919 1995 1077 2042 multo
1113 1995 1380 2056 compellat
1416 1995 1634 2042 honore:

230 2074 503 2137 ‘coniugio,
543 2075 777 2135 Anchisa,
818 2075 1027 2124 Veneris
1062 2075 1263 2138 dignate
1299 2075 1528 2138 superbo,
1821 2091 1902 2135 475

226 2173 343 2205 cura
379 2157 543 2215 deum,
585 2156 661 2205 bis
698 2156 978 2220 Pergameis
1015 2165 1180 2220 erepte
1216 2156 1382 2216 ruinis,

226 2254 343 2286 ecce
380 2236 471 2286 tibi
506 2237 760 2286 Ausoniae
797 2240 970 2287 tellus:
1014 2240 1143 2287 hanc
1178 2239 1335 2302 arripe
1371 2239 1504 2288 velis.

226 2328 276 2368 et
312 2328 479 2368 tamen
515 2321 646 2368 hanc
681 2322 857 2383 pelago
892 2322 1250 2383 praeterlabare
1286 2337 1490 2370 necesse
1527 2328 1629 2368 est:

227 2401 481 2450 Ausoniae
516 2418 628 2464 pars
665 2401 747 2450 illa
782 2404 954 2465 procul
991 2419 1141 2465 quam
1177 2402 1353 2466 pandit
1387 2404 1585 2465 Apollo.

225 2483 382 2540 vade,'
419 2482 486 2530 ait
525 2487 582 2531 ‘o
619 2483 734 2532 felix
769 2483 871 2532 nati
907 2484 1103 2547 pietate.
1178 2483 1299 2547 quid
1335 2485 1461 2532 ultra
1822 2490 1919 2542 480-

226 2566 472 2628 provehor
508 2574 557 2614 et
592 2567 744 2615 fando
782 2567 1024 2631 surgentis
1061 2568 1293 2616 demoror
1328 2567 1599 2615 Austros?’

283 2696 475 2744 453-456
514 2694 628 2744 MP;
679 2708 758 2746 457
772 2698 865 2745 -481
912 2696 1042 2735 GMP
1348 2708 1429 2746 455
1477 2701 1633 2735 vocent
1673 2692 1903 2746 M²P²7ac¹

227 2750 310 2797 460
340 2750 577 2800 secundos]
600 2751 804 2797 sacerdos
825 2764 867 2789 m
889 2750 1055 2800 Bentley
1077 2751 1282 2802 Gathling
1443 2752 1524 2799 464
1555 2750 1699 2800 gravia
1718 2763 1743 2789 a
1763 2754 1902 2789 secto-

227 2816 311 2852 que
334 2803 582 2843 Lachmann
600 2819 607 2842 :
640 2806 783 2854 gravia
803 2818 852 2844 ac
873 2811 991 2844 secto
1011 2805 1194 2856 Schaper
1301 2807 1382 2854 469
1411 2806 1600 2854 parentis
1619 2803 1706 2854 ΡὛ1
1822 2815 1904 2852 470

228 2857 380 2907 duces]
421 2860 554 2897 decus
590 2859 769 2898 Klouffek
969 2872 1049 2910 475
1078 2860 1298 2898 Anchisae
1328 2858 1382 2897 Μ
1386 2858 1537 2909 ¹P2712
1574 2858 1767 2897 Anchise
1797 2856 1903 2895 P²a¹

230 2911 515 2961 Quintilianus
526 2912 766 2951 Pm‘sa‘anus
777 2914 1024 2953 Arusianus
1202 2915 1282 2965 476
1302 2920 1451 2964 erepta
1463 2913 1507 2951 P
1611 2913 1693 2962 478
1713 2917 1904 2962 praeter-

234 2968 353 3007 labre
372 2969 429 3007 Pl
448 2984 457 3009 ε
487 2970 809 3020 praeterlabere
826 2970 880 3008 M
885 2971 942 3009 [πα
962 2986 970 3010 z
1001 2978 1181 3022 propter
1202 2972 1346 3010 labare
1366 2970 1402 3010 cl
1523 2970 1606 3018 480
1634 2968 1714 3021 ait]
1737 2980 1816 3019 age
1836 2965 1921 3006 ΜΓ
