2014 3372
1337 153 1698 202 AENEIDOS
1736 153 1810 200 IV

142 314 244 348 non
279 295 419 362 potui
453 297 712 359 abreptum
748 294 981 345 divellere
1017 310 1195 357 corpus
1232 302 1281 343 et
1315 292 1463 342 undis
1731 301 1812 341 600

142 381 406 443 spargere?
452 394 553 426 non
590 376 766 436 sociOS,
805 393 908 425 non
945 375 1109 440 ipsum
1145 376 1406 424 absumere
1440 376 1569 423 ferro

142 458 413 508 Ascanium
448 457 715 521 patriisque
752 458 1060 520 epulandum
1096 473 1282 520 ponere
1318 455 1502 505 mensis
1520 458 1543 505 ?

142 557 312 589 verum
347 557 529 603 anceps
564 557 759 604 pugnae
795 542 952 588 fuerat
988 541 1196 588 fortuna.
1219 538 1500 588 —fuisset:

143 640 292 686 quem
329 622 482 671 metui
519 622 792 672 moritura?
838 624 970 671 faces
1007 621 1058 669 in
1095 630 1252 670 castra
1288 620 1509 670 tulissem

143 704 525 768 implessemque
560 709 692 755 foros
729 705 943 754 flammis
980 714 1253 767 natumque
1287 714 1579 768 patremque
1732 711 1810 762 605

143 803 257 835 curn
293 803 470 849 genere
507 786 790 845 exstinxem,
831 795 1016 835 memet
1053 802 1200 849 super
1234 785 1341 848 ipsa
1376 784 1639 834 dedissem.

145 869 241 927 Sol,
282 867 367 930 qui
402 877 636 917 terrarum
673 868 885 917 flammis
921 885 1071 931 opera
1107 866 1277 916 omnia
1312 869 1500 927 lustras,

145 959 297 1013 tuque
334 952 507 998 harum
545 950 783 1014 interpres
819 967 1046 999 curarum
1083 959 1132 999 et
1169 949 1369 999 conscia
1406 952 1550 1009 Iuno,

144 1032 497 1096 nocturnisque
535 1036 730 1083 Hecate
766 1033 917 1083 triviis
953 1035 1140 1082 ululata
1175 1050 1262 1096 per
1297 1033 1444 1082 urbes

146 1123 194 1162 et
233 1114 381 1163 Dirae
418 1115 614 1164 ultrices
652 1125 700 1165 et
736 1115 788 1165 di
825 1115 1079 1165 morientis
1119 1114 1322 1175 Elissae,
1738 1121 1818 1161 610

145 1194 352 1258 accipite
388 1197 523 1256 haec,
564 1196 895 1259 meritumque
932 1196 1072 1245 malis
1109 1195 1349 1245 advertite
1385 1211 1574 1244 numen

146 1285 195 1324 et
230 1286 419 1326 nostras
455 1277 622 1327 audite
658 1295 840 1340 preces.
916 1277 957 1326 si
992 1287 1192 1341 tangere
1227 1286 1397 1340 portus

146 1355 405 1406 infandum
442 1368 589 1422 caput
624 1376 684 1407 ac
719 1358 856 1407 terris
892 1360 1077 1408 adnare
1114 1374 1318 1407 necesse
1355 1366 1441 1417 est,

147 1447 196 1486 et
231 1438 300 1487 sic
335 1441 434 1487 fata
472 1439 603 1488 Iovis
639 1449 864 1503 poscunt,
905 1439 986 1487 hic
1023 1438 1260 1488 terminus
1296 1440 1494 1489 haeret:

147 1528 196 1567 at
231 1520 363 1581 bello
398 1520 598 1570 audacis
635 1521 807 1585 populi
842 1530 1043 1570 vexatus
1080 1529 1128 1569 et
1163 1519 1323 1580 armis,
1738 1527 1816 1579 615

148 1599 328 1649 finibus
366 1601 579 1661 extorris,
622 1604 882 1665 complexu
918 1603 1116 1650 avulsus
1155 1600 1251 1650 Iuli

147 1680 381 1730 auxilium
418 1682 646 1746 imploret
681 1681 945 1745 videatque
980 1681 1185 1745 indigna
1220 1699 1421 1731 suorum

148 1764 351 1824 funera,
400 1781 505 1823 nec,
548 1781 661 1812 cum
699 1780 751 1812 se
787 1764 879 1812 sub
916 1765 1047 1827 leges
1085 1763 1220 1826 pacis
1257 1763 1456 1827 iniquae

149 1843 413 1903 tradiderit,
455 1862 606 1908 regno
641 1853 726 1893 aut
764 1853 932 1908 optata
967 1846 1077 1894 luce
1113 1846 1310 1904 fruatur,

150 1926 237 1973 sed
274 1926 418 1973 cadat
452 1935 567 1974 ante
604 1925 738 1975 diem
776 1925 1040 1989 mediaque
1077 1924 1362 1974 inhumatus
1399 1927 1595 1975 harena.
1738 1932 1820 1972 620

150 2008 272 2055 haec
308 2023 493 2069 precor,
533 2009 661 2055 hanc
699 2023 873 2055 vocem
912 2016 1179 2055 extremam
1217 2024 1332 2055 cum
1371 2006 1610 2069 sanguine
1646 2006 1817 2055 fundo,

151 2097 255 2136 turn
292 2105 393 2144 vos,
433 2105 463 2136 o
499 2087 647 2150 Tyrii,
687 2087 888 2150 stirpem
925 2096 973 2135 et
1008 2104 1163 2150 genus
1200 2104 1350 2135 omne
1387 2088 1605 2135 futurum

152 2177 372 2217 exercete
409 2167 549 2227 odiis,
590 2167 842 2231 cinerique
878 2169 1001 2216 haec
1038 2166 1215 2216 mittite
1252 2176 1421 2216 nostro

156 2265 370 2296 munera.
445 2250 608 2297 nullus
646 2265 785 2297 amor
819 2248 1016 2312 populis
1053 2265 1146 2297 nec
1182 2250 1382 2298 foedera
1417 2257 1576 2297 sunto.

153 2328 367 2377 exoriare
403 2328 578 2392 aliquis
615 2328 793 2377 nostris
831 2346 890 2377 ex
927 2328 1121 2377 ossibus
1158 2330 1286 2377 ultor
1743 2336 1820 2389 625

154 2409 239 2472 qui
275 2411 380 2458 face
419 2409 697 2459 Dardanios
737 2411 965 2473 ferroque
1003 2426 1208 2473 sequare
1246 2411 1464 2470 colonos,

154 2508 300 2550 nunc,
341 2490 472 2550 olim,
514 2508 831 2554 quocumque
869 2492 1060 2540 dabunt
1097 2508 1149 2540 se
1186 2500 1409 2554 tempore
1444 2490 1581 2540 vires.

154 2571 295 2620 litora
329 2571 551 2621 litoribus
590 2571 842 2632 contraria,
882 2572 1114 2621 fluctibus
1151 2574 1309 2621 undas

155 2652 410 2715 imprecor,
448 2670 583 2701 arma
617 2653 796 2702 armis:
845 2662 1066 2717 pugnent
1102 2653 1295 2717 ipsique
1331 2654 1668 2717 nepotesque.'

227 2734 370 2781 Haec
406 2732 485 2791 ait,
527 2742 575 2780 et
610 2732 759 2795 partis
796 2733 1019 2782 animum
1056 2735 1280 2783 versabat
1316 2734 1366 2782 in
1404 2733 1579 2793 omnis,
1746 2741 1826 2791 630

157 2812 363 2862 invisam
400 2830 639 2876 quaerens
677 2831 827 2877 quam
862 2814 1076 2878 primum
1101 2816 1394 2878 abrumpere
1432 2817 1607 2863 lucem.

213 2944 399 2993 600-631
424 2943 516 2983 ΜΡ
674 2947 756 2984 616
784 2946 1030 2999 complexu]
1054 2953 1286 2998 conspectu
1302 2947 1466 2988 Nonius
1588 2949 1670 2997 629
1697 2959 1825 2997 nepo-

159 2996 330 3048 tesque]
350 3012 449 3048 -que
470 3012 552 3040 om.
576 2999 755 3051 P²7a²rr²
