2014 3372
1346 153 1709 203 AENEIDOS
1746 154 1795 201 X

126 293 291 343 tundit
325 295 535 342 humum
570 292 821 355 exspirans
855 286 1162 356 infractaque
1197 294 1295 340 tela
1329 301 1566 341 cruentat.

126 385 276 438 atque
310 374 444 423 idem
480 373 748 437 fugientem
784 375 920 422 haud
956 382 1030 422 est
1065 372 1295 435 dignatus
1331 373 1536 422 Oroden

127 466 343 505 sternere
378 472 471 504 nec
506 455 634 503 iacta
669 471 874 503 caecum
910 456 1028 502 dare
1065 454 1272 516 cuspide
1306 455 1484 502 vulnus
1500 472 1516 514 3

129 537 303 587 obvius
339 538 646 600 adversoque
682 536 893 585 occurrit
928 551 1082 599 seque
1117 535 1220 584 viro
1255 535 1328 583 vir

129 618 349 677 contulit,
380 619 525 666 'haud
560 620 689 666 furto
725 617 900 666 melior
935 618 1024 665 sed
1059 616 1267 665 fortibus
1303 616 1463 665 armis.
1718 635 1793 678 735

128 708 234 746 tum
271 715 416 760 super
450 697 699 746 abiectum
736 697 899 760 posito
935 699 1064 760 pede
1099 696 1242 745 nixus
1278 706 1327 745 et
1362 699 1534 746 hasta:

131 784 269 843 ‘pars
304 779 421 828 belli
458 781 593 828 haud
628 780 910 838 temnenda,
950 778 1051 837 viri,
1091 777 1218 826 iacet
1253 780 1380 826 altus
1417 779 1646 827 Orodes.'

128 862 441 909 conclamant
471 858 592 907 socii
627 861 811 907 laetum
848 876 1038 922 paeana
1074 858 1243 907 secuti.

82 998 86 1001 ,
129 941 210 989 ille
245 950 410 989 autem
449 940 730 1003 exspirans:
784 945 913 989 ‘non
948 957 1043 999 me,
1084 939 1388 1002 quicumque
1424 956 1489 999 es,
1529 939 1703 999 inulto,

126 1021 294 1081 victor,
334 1038 426 1070 nec
461 1023 665 1084 longum
701 1021 946 1069 laetabere
962 1039 976 1081 3
1022 1029 1072 1068 te
1108 1036 1308 1083 quoque
1344 1021 1444 1067 fata
1702 1028 1796 1080 '740

128 1111 443 1166 prospectant
479 1101 613 1164 paria
648 1111 797 1164 atque
834 1102 1009 1150 eadem
1047 1117 1163 1150 mox
1197 1117 1312 1148 arva
1347 1100 1570 1148 tenebis.'

127 1185 193 1232 ad
229 1199 356 1246 quae
392 1182 651 1231 subridens
689 1182 839 1230 mixta
876 1181 1153 1231 Mezentius
1188 1181 1287 1230 ira:

132 1269 143 1290 ‘
163 1281 296 1313 nunc
322 1281 524 1313 morere.
597 1272 671 1311 ast
696 1265 760 1312 de
786 1280 866 1312 me
890 1262 1059 1312 divum
1092 1271 1231 1326 pater
1253 1271 1403 1325 atque
1427 1261 1689 1311 hominum
1714 1278 1797 1310 rex

128 1344 332 1394 viderit.'
402 1347 498 1393 hoc
534 1344 706 1393 dicens
742 1344 910 1393 eduxit
945 1360 1150 1407 corpore
1186 1344 1352 1391 telum.

129 1426 214 1476 olli
250 1429 372 1475 dura
407 1426 546 1489 quies
584 1428 755 1475 oculos
792 1435 840 1474 et
875 1428 1058 1474 ferreus
1093 1434 1234 1488 urget
1719 1441 1793 1483 745

129 1525 346 1567 somnus,
385 1507 435 1555 in
471 1517 722 1556 aeternam
758 1508 1056 1556 clauduntur
1090 1506 1279 1554 lumina
1314 1515 1527 1556 noctem.

197 1588 442 1653 Caedicus
479 1590 780 1636 Alcathoum
817 1589 1093 1646 obtruncat,
1133 1589 1357 1635 Sacrator
1395 1588 1672 1649 Hydaspen

131 1669 550 1732 Partheniumque
588 1671 733 1732 Rapo
770 1677 819 1716 et
854 1670 1152 1730 praedurum
1187 1667 1371 1716 viribus
1408 1669 1582 1727 Orsen,

132 1752 393 1813 Messapus
431 1749 768 1812 Cloniumque
805 1748 1213 1811 Lycaoniumque
1250 1747 1560 1807 Erichaeten,

128 1830 267 1879 illum
303 1830 504 1879 infrenis
540 1830 655 1894 equi
692 1832 833 1893 lapsu
870 1831 1042 1878 tellure
1077 1829 1335 1888 iacentem,
1719 1846 1798 1890 750

130 1914 264 1961 hunc
299 1912 531 1975 peditem.
607 1914 760 1975 pedes
799 1920 848 1960 et
884 1910 1064 1974 Lycius
1100 1919 1403 1974 processerat
1437 1910 1572 1973 Agis,

130 2009 279 2056 quem
316 2003 483 2041 tamen
519 1995 655 2041 haud
693 2009 863 2055 expers
899 1994 1107 2040 Valerus
1143 1991 1331 2039 virtutis
1367 1990 1526 2040 avitae

129 2075 311 2135 deicit;
356 2085 405 2123 at
441 2074 719 2123 Thronium
757 2073 915 2122 Salius
951 2072 1238 2135 Saliumque
1275 2074 1486 2121 Nealces

129 2155 332 2219 insignis
368 2155 529 2204 iaculo
566 2164 614 2204 et
649 2157 796 2218 longe
832 2155 1031 2202 fallente
1067 2153 1252 2215 sagitta.

200 2239 307 2286 Iam
342 2237 498 2301 gravis
534 2238 780 2301 aequabat
815 2238 975 2284 luctus
1013 2244 1061 2284 et
1097 2244 1268 2283 mutua
1305 2237 1506 2283 Mavors
1716 2249 1764 2295 75
1773 2254 1794 2293 5

129 2319 300 2366 funera
316 2337 330 2379 3
378 2319 652 2367 caedebant
688 2317 867 2381 pariter
903 2316 1181 2379 pariterque
1216 2315 1425 2364 ruebant

129 2399 337 2448 victores
373 2399 600 2463 victique,
641 2416 804 2462 neque
839 2399 915 2447 his
951 2400 1065 2461 fuga
1101 2407 1219 2446 nota
1254 2413 1418 2460 neque
1453 2396 1559 2445 illis.

130 2480 183 2529 di
220 2480 352 2529 Iovis
389 2481 439 2528 in
475 2480 616 2529 tectis
652 2480 773 2528 iram
810 2480 1102 2528 miserantur
1136 2479 1334 2527 inanem

130 2562 390 2609 amborum
428 2571 476 2610 et
512 2571 674 2610 tantos
713 2561 1002 2609 mortalibus
1041 2577 1148 2609 esse
1184 2561 1411 2628 labores,

131 2640 247 2689 hinc
283 2645 466 2701 Venus,
507 2642 624 2691 hinc
660 2651 831 2690 contra
867 2651 1056 2704 spectat
1094 2640 1320 2690 Saturnia
1357 2643 1499 2690 Iuno.
1719 2647 1795 2700 760

188 2783 262 2820 731
296 2768 451 2818 MPR3
484 2782 667 2820 732-757
690 2768 887 2818 MPRV;
914 2771 1101 2818 758—760
1122 2768 1252 2807 MPR
1419 2783 1495 2819 737
1525 2770 1625 2809 viris
1645 2768 1794 2807 b²cmrr²

124 2824 334 2863 deten'ores
371 2823 543 2874 quidam
581 2824 721 2873 Asper
827 2829 947 2862 actus
979 2822 1032 2860 M
1222 2837 1299 2872 742
1329 2824 1381 2863 ad
1414 2837 1524 2873 quae
1564 2823 1793 2862 detembres:

131 2884 284 2928 atquae
309 2878 371 2928 V7
389 2893 398 2917 :
439 2884 617 2927 atquaec
647 2876 703 2915 Pl
720 2891 729 2916 :
770 2883 869 2927 atqu
893 2877 951 2914 Ρ2
969 2892 978 2916 :
1017 2882 1146 2927 atque
1173 2876 1270 2919 Mla
1287 2893 1298 2917 ε
1338 2884 1508 2927 atquem
1538 2877 1591 2914 M
1593 2877 1698 2915 ²a²ct
1738 2877 1793 2915 ad

131 2945 258 2981 quem
274 2932 340 2970 Rb
455 2944 530 2982 751
552 2932 803 2981 interpunxit
813 2932 1078 2981 Peerlkamp:
1107 2932 1233 2982 vulgo
1252 2932 1437 2981 peditem
1458 2932 1590 2980 pedes
1610 2932 1796 2982 iungunt

133 2996 210 3034 754
232 2986 410 3035 insignis
426 2985 589 3027 M¹a²rr:
616 2986 782 3024 insidiis
801 2989 907 3023 cetere
1020 2986 1098 3034 756
1119 2986 1325 3024 cedebant
1344 2985 1455 3036 PR7
1475 2985 1655 3036 agnoscit
1671 2985 1789 3024 Serv.
