2014 3372
1261 188 1683 238 GEORGICON
1722 189 1797 235 IV

132 325 248 375 huic
283 343 514 390 percussa
547 344 677 376 nova
711 336 931 376 mentem
967 326 1232 376 formidine
1266 337 1421 377 mater

135 408 274 467 ‘duC‚
312 425 415 470 age,
438 410 553 457 >duc
587 410 652 457 ad
688 425 780 457 nos
798 427 812 469 3
852 410 925 457 fas
960 408 1029 456 illi
1065 408 1235 457 limina
1271 409 1441 458 divum

132 498 330 551 tangere
346 492 356 512 '
391 489 470 538 ait.
544 490 690 538 simul
725 492 824 538 alta
858 490 998 539 iubet
1032 490 1286 540 discedere
1322 493 1419 539 late

131 570 347 630 flumina,
388 588 486 634 qua
521 571 710 620 iuvenis
746 588 938 634 gressus
974 571 1184 620 inferret.
1257 582 1308 621 at
1343 572 1482 621 illum
1716 580 1798 633 3⁶0

132 661 330 700 curvata
365 652 415 700 in
451 653 634 702 montis
669 653 846 702 faciem
884 653 1204 702 circumstetit
1239 656 1376 703 unda

130 733 421 796 accepitque
457 733 567 782 sinu
603 743 741 782 vasto
778 734 1010 797 misitque
1046 736 1139 783 sub
1175 752 1388 783 amnem.

130 812 329 875 iamque
365 815 572 862 domum
609 813 791 862 mirans
827 813 1086 876 genetricis
1123 823 1171 863 et
1206 813 1378 862 umida
1412 830 1562 877 regna

131 893 478 957 speluncisque
513 896 648 943 lacus
684 897 877 944 clausos
914 898 1151 959 lucosque
1188 896 1409 945 sonantis

129 973 245 1033 ibat,
285 984 334 1022 et
369 974 554 1037 ingenti
592 985 731 1024 motu
768 979 1070 1039 stupefactus
1106 994 1345 1041 aquarum
1718 986 1794 1038 365

131 1054 298 1102 omnia
334 1055 427 1103 sub
465 1072 642 1119 magna
678 1057 895 1105 labentia
931 1057 1138 1106 flumina
1172 1068 1298 1107 terra

130 1135 383 1196 spectabat
420 1135 612 1184 diversa
647 1137 782 1196 locis,
824 1137 1125 1202 Phasimque
1162 1140 1465 1202 Lycumque,

129 1224 177 1262 et
213 1225 361 1277 caput
397 1218 531 1265 unde
566 1219 692 1265 altus
729 1218 943 1280 primum
981 1236 1034 1268 se
1069 1219 1280 1282 erumpit
1318 1220 1553 1282 Enipeus,

129 1298 264 1344 unde
299 1306 437 1359 pater
473 1297 737 1346 Tiberinus
775 1308 824 1347 et
859 1301 994 1348 unde
1030 1299 1226 1348 Aniena
1260 1299 1447 1348 fluenta

129 1394 431 1440 saxosusque
466 1395 649 1427 sonans
690 1380 919 1442 Hypanis
958 1383 1232 1444 Mysusque
1268 1381 1449 1431 Caicus
1720 1399 1799 1442 370

129 1468 178 1507 et
212 1459 409 1521 gemina
443 1469 639 1508 auratus
679 1461 873 1510 taurino
910 1478 1096 1510 cornua
1129 1463 1267 1510 vultu

131 1539 389 1600 Eridanus,
427 1557 529 1603 quo
565 1558 667 1590 non
706 1542 829 1590 alius
866 1558 953 1605 per
989 1541 1192 1605 pinguia
1227 1545 1358 1590 culta

127 1621 179 1669 in
214 1614 347 1670 mare
382 1639 682 1685 purpureum
721 1623 981 1672 violentior
1017 1623 1170 1672 effluit
1205 1624 1377 1672 amnis.

128 1712 391 1766 postquam
428 1713 501 1752 est
537 1704 588 1751 in
627 1704 829 1752 thalami
869 1704 1139 1767 pendentia
1174 1704 1373 1767 pumice
1408 1714 1539 1754 tecta

127 1794 418 1847 perventum
455 1795 503 1833 et
538 1785 640 1834 nati
677 1788 820 1834 fletus
860 1786 1092 1849 cognovit
1127 1786 1286 1835 inanis
1726 1804 1801 1847 375

129 1866 334 1927 Cyrene,
374 1866 601 1915 manibus
639 1867 854 1930 liquidos
894 1870 1015 1917 dant
1051 1867 1225 1917 ordine
1261 1867 1410 1916 fontis

127 1963 400 2009 germanae,
439 1948 694 2011 tonsisque
730 1951 891 1997 ferunt
931 1949 1164 1998 mantelia
1198 1949 1353 2009 villis;

127 2044 237 2090 pars
273 2028 430 2090 epulis
467 2038 672 2077 onerant
712 2046 906 2078 mensas
946 2039 993 2078 et
1030 2032 1178 2093 plena
1214 2039 1461 2093 reponunt

127 2110 319 2169 pocula,
359 2110 630 2157 Panchaeis
669 2112 962 2158 adolescunt
1000 2110 1195 2172 ignibus
1231 2127 1354 2158 arae.

128 2197 176 2236 et
212 2198 366 2237 mater
406 2193 554 2252 ‘cape
592 2190 814 2238 Maeonii
853 2190 1102 2239 carchesia
1140 2190 1353 2239 Bacchi:
1442 2214 1445 2217 >
1727 2202 1806 2250 380

129 2271 333 2318 Oceano
369 2270 607 2319 libemus'
641 2271 721 2319 ait.
799 2271 944 2320 simul
981 2272 1087 2335 ipsa
1122 2282 1346 2335 precatur

129 2352 486 2414 Oceanumque
521 2362 711 2414 patrem
751 2370 911 2401 rerum
956 2355 1314 2416 Nymphasque
1351 2370 1553 2414 sorores,

128 2441 327 2479 centum
365 2449 491 2495 quae
527 2433 685 2493 silvas,
728 2445 929 2484 centurn
972 2452 1100 2498 quae
1138 2434 1343 2482 flumina
1378 2444 1583 2483 servant.

128 2520 200 2559 ter
235 2511 423 2574 liquido
459 2515 714 2563 ardentem
753 2516 1003 2579 perfundit
1041 2525 1238 2564 nectare
1267 2518 1485 2574 Vestam,

127 2600 200 2639 ter
234 2594 434 2641 flamma
467 2596 532 2643 ad
569 2613 819 2645 summum
857 2597 974 2645 tecti
1011 2596 1233 2645 subiecta
1268 2595 1453 2644 reluxit.
1728 2606 1803 2655 385

128 2672 294 2721 omine
330 2691 429 2736 quo
467 2678 665 2725 firmans
703 2678 923 2726 animum
963 2678 1032 2725 sic
1069 2677 1241 2740 incipit
1278 2677 1412 2740 ipsa:

180 2807 372 2853 357—386
415 2805 582 2843 GMPR
850 2809 931 2856 360
973 2806 1034 2858 at]
1076 2808 1128 2846 ad
1157 2807 1232 2857 G7‚
1267 2811 1499 2856 agnoscunt
1528 2807 1646 2846 schol.
1677 2806 1802 2845 Bern.

126 2860 203 2906 361
235 2860 424 2908 speciem
445 2859 499 2897 M
598 2861 864 2899 circumstitit
888 2861 948 2899 G:
981 2861 1267 2910 circumspicit
1286 2860 1329 2898 P
1465 2862 1545 2909 368
1578 2861 1737 2910 primus
1758 2859 1811 2896 M

126 2914 282 2963 rumpit
295 2913 469 2965 R7¹b¹cz
495 2915 607 2964 rupit
623 2913 666 2951 P
754 2928 835 2964 370
854 2927 1054 2954 saxosum
1069 2914 1145 2953 b²c²
1151 2915 1349 2965 praetulit
1361 2913 1493 2963 Serv„
1516 2914 1808 2964 Philargyrius

127 2978 207 3015 373
227 2968 364 3007 influit
386 2982 442 3018 επ,
461 2969 644 3020 agnoscit
656 2968 944 3020 Philargvrius
1110 2969 1191 3018 378
1220 2968 1410 3018 mensas]
1434 2981 1529 3007 aras
1546 2968 1590 3006 P
1725 2968 1805 3016 384

127 3021 315 3070 perfudit
337 3021 510 3073 M²7bcrr
528 3022 645 3063 Serv.
813 3023 892 3071 385
923 3022 1087 3061 sublata
1107 3022 1162 3060 M
1164 3021 1223 3071 ¹7¹
1245 3023 1312 3071 (ut
1328 3023 1500 3074 videtur)
