2014 3372
209 161 262 212 P.
301 165 600 213 VERGILI
640 164 967 214 MARONIS

209 304 360 352 finem
397 305 746 364 adventabant,
787 303 883 352 levi
918 320 1035 352 cum
1071 303 1310 367 sanguine
1347 303 1499 353 Nisus

209 385 389 435 labitur
423 386 605 446 infelix,
645 385 800 435 caesis
839 395 893 435 ut
928 388 1054 435 forte
1089 386 1309 436 iuvencis

208 467 347 515 fusus
383 468 594 523 humum
629 465 897 530 viridisque
934 483 1080 530 super
1115 468 1446 534 madefecerat
1481 466 1672 515 herbas.

209 547 305 598 hic¹
326 547 516 596 iuvenis
553 547 653 597 iam
689 548 846 597 victor
881 564 1035 597 ovans
1071 547 1274 611 vestigia
1309 564 1479 610 presso

210 630 346 678 haud
382 629 541 678 tenuit
578 630 789 679 titubata
825 632 946 690 solo,
986 631 1077 679 sed
1112 646 1298 693 pronus
1335 629 1387 677 in
1423 629 1532 692 ipso

210 710 430 760 concidit
466 711 831 775 immundoque
867 713 988 760 fimo
1025 728 1265 774 sacroque
1302 728 1486 760 cruore.

210 810 314 842 non
350 802 519 842 tamen
556 793 771 857 Euryali,
810 811 914 843 non
950 793 1032 842 ille
1069 792 1252 842 oblitus
1287 809 1547 842 amorum:

211 892 327 924 nam
364 892 472 925 sese
508 876 742 940 opposuit
780 876 912 926 Salio
949 893 1036 939 per
1071 875 1260 925 lubrica
1296 891 1511 938 surgens,

210 957 292 1007 ille
328 967 496 1007 autem
533 958 691 1022 spissa
726 958 876 1008 iacuit
913 960 1163 1008 revolutus
1199 960 1412 1007 harena:

211 1039 391 1089 emicat
428 1043 669 1104 Euryalus
707 1050 755 1090 et
792 1058 996 1090 munere
1032 1040 1188 1090 victor
1223 1039 1370 1089 amici

211 1121 371 1185 prima
406 1131 555 1182 tenet,
595 1125 874 1186 plausuque
909 1125 1043 1172 volat
1078 1122 1376 1185 fremituque
1412 1118 1647 1171 seeundo.

211 1212 324 1266 post
363 1205 611 1266 Helymus
649 1204 782 1253 subit
819 1214 868 1253 et
904 1222 1039 1253 nunc
1076 1203 1217 1253 tertia
1252 1205 1419 1266 palma
1456 1202 1646 1252 Diores.

212 1284 294 1333 hic
330 1294 492 1333 totum
529 1302 709 1335 caveae
746 1302 1037 1335 consessum
1073 1284 1285 1349 ingentis
1323 1294 1372 1333 et
1407 1301 1494 1334 ora

211 1365 370 1429 prima
404 1376 601 1430 patrum
638 1367 829 1430 magnis
866 1367 1025 1417 Salius
1062 1366 1362 1416 clamoribus
1397 1365 1588 1429 implet,

212 1457 538 1511 ereptumque
575 1450 695 1498 dolo
731 1448 873 1498 reddi
909 1448 1004 1498 sibi
1038 1448 1199 1511 poscit
1235 1450 1491 1497 honorem.

211 1538 397 1578 tutatur
432 1532 569 1579 favor
606 1532 875 1594 Euryalum
910 1530 1242 1593 lacrimaeque
1278 1532 1502 1589 decorae,

211 1610 392 1673 gratior
428 1620 477 1660 et
512 1613 721 1675 pulchro
756 1611 961 1661 veniens
998 1611 1049 1660 in
1086 1628 1292 1675 corpore
1328 1602 1493 1659 virtus.

160 1733 167 1739 ,
211 1693 412 1742 adiuvat
449 1702 497 1741 et
534 1710 713 1757 magna
748 1695 1022 1756 proclamat
1058 1709 1181 1742 voce
1219 1691 1410 1750 Diores,

212 1773 298 1837 qui
335 1773 484 1823 subiit
521 1776 716 1838 palmae
752 1775 1027 1838 frustraque
1062 1775 1127 1823 ad
1163 1772 1381 1836 praemia
1415 1771 1550 1821 venit

212 1855 399 1916 ultima,
440 1855 480 1904 si
515 1855 661 1919 primi
698 1856 830 1905 Salio
867 1857 1137 1905 reddentur
1173 1857 1401 1904 honores,

212 1946 319 1986 tum
355 1946 494 2000 pater
529 1940 727 1986 Aeneas
768 1940 983 1986 ‘vestra'
1022 1937 1183 2000 inquit
1223 1941 1457 1984 ‘munera
1491 1934 1633 1985 vobis
1692 1974 1694 1977 -

211 2028 345 2067 certa
382 2028 599 2078 manent,
639 2018 779 2082 pueri
815 2028 864 2067 et
899 2020 1117 2081 palmam
1155 2027 1321 2067 movet
1360 2016 1535 2066 ordine
1570 2032 1721 2066 nemo
1736 2034 1751 2078 ;

212 2116 293 2148 me
329 2099 474 2148 liceat
511 2116 653 2147 casus
691 2099 909 2148 miserari
945 2099 1154 2148 insontis
1190 2098 1368 2148 amici.'

212 2180 282 2228 sic
317 2182 445 2229 fatus
482 2189 674 2244 tergum
712 2180 910 2229 Gaetuli
946 2180 1163 2229 immane
1199 2180 1357 2229 leonis

212 2263 297 2311 dat
334 2261 466 2311 Salio
502 2261 627 2310 villis
665 2278 931 2310 onerosum
967 2271 1117 2324 atque
1154 2262 1401 2326 unguibus
1438 2261 1610 2311 aureis.

212 2343 293 2391 hic
330 2342 482 2391 Nisus
522 2342 590 2391 ‘si
626 2345 791 2391 tanta'
828 2342 988 2406 inquit
1027 2347 1169 2392 ‘sunt
1205 2343 1423 2406 praemia
1458 2341 1611 2402 victis,

212 2433 261 2472 et
297 2433 345 2472 te
381 2426 631 2487 lapsorum
669 2423 880 2484 miseret,
921 2442 1049 2488 quae
1088 2443 1295 2474 munera
1332 2425 1458 2475 Niso

212 2504 374 2569 digna.
397 2505 554 2566 dabis,
594 2505 804 2569 primam
841 2507 998 2555 merui
1036 2507 1122 2570 qui
1159 2508 1306 2556 laude
1342 2517 1610 2557 coronam?

211 2586 264 2634 ni
299 2603 392 2645 me,
433 2603 561 2649 quae
597 2587 796 2647 Salium,
837 2590 1035 2638 fortuna
1072 2588 1274 2637 inimica
1310 2587 1563 2637 tulisset?'

211 2676 260 2716 et
297 2667 442 2716 simul
478 2668 554 2717 his
591 2669 735 2718 dictis
772 2670 951 2719 faciem
989 2671 1269 2719 ostentabat
1305 2679 1353 2718 et
1389 2671 1491 2718 udo

211 2747 372 2811 turpia
406 2750 632 2812 membra
666 2753 798 2800 fimo.
873 2751 976 2800 risit
1011 2761 1149 2815 pater
1184 2750 1400 2814 optimus
1435 2748 1521 2798 olli

1738 451 1883 525 -330

1761 863 1766 867 ¹
1802 893 1884 934 335

1805 1301 1886 1344 340

1803 1708 1885 1752 345
1919 1733 1924 1737 ·

1802 2117 1886 2158 350

1800 2521 1882 2564 355

266 2878 458 2928 328—358
479 2878 612 2918 MPR
829 2893 908 2930 337
939 2882 1075 2920 amico
1097 2880 1150 2918 M
1152 2880 1165 2903 ¹
1295 2893 1378 2929 340
1407 2859 1662 2919 consensum
1681 2875 1882 2928 ΜΙΙῗ-γιό1

211 2943 290 2981 347
313 2934 549 2972 reddantur
568 2933 776 2985 M¹R72n2
800 2937 1038 2974 redduntur
1054 2935 1107 2972 M
1118 2935 1187 2985 (ab
1204 2936 1294 2986 zpsa
1307 2936 1452 2984 prinm
1468 2945 1601 2972 manu
1616 2932 1826 2982 correctus)
1840 2931 1884 2970 bc

211 2998 294 3035 349
322 2987 575 3039 interpunxit
609 2988 767 3037 Nauck,
809 2991 933 3040 vulgo
962 2990 1081 3040 pueri
1112 2989 1284 3028 vocative
1319 2988 1501 3029 scribunt

211 3040 407 3080 misereri
427 3041 591 3082 ΡᾸΙῗόε1
701 3056 782 3093 354
805 3045 1000 3096 munera]
1026 3045 1213 3093 praemia
1228 3042 1283 3081 M

1799 2998 1881 3036 350
