2014 3372
208 139 260 186 P.
301 139 601 187 VERGILI
641 139 966 189 MARONIS

207 276 520 341 palantisque
557 280 676 341 polo
713 280 891 327 stellas.
966 295 1148 343 sequor
1184 279 1353 330 omina
1388 289 1539 341 tanta,

208 357 432 421 quisquis
469 358 520 407 in
557 376 693 408 arma
728 361 907 408 vocas.'
978 369 1027 410 et
1063 360 1133 410 sic
1170 363 1343 410 effatus
1380 363 1445 410 ad
1482 363 1670 412 undam

207 439 447 502 processit
484 457 782 504 summoque
819 440 983 490 hausit
1021 443 1085 491 de
1121 441 1308 505 gurgite
1345 444 1570 506 lymphas

209 523 365 570 multa
401 523 524 570 deos
561 539 720 582 orans,
760 522 1080 586 oneravitque
1116 525 1315 571 aethera
1349 523 1489 572 votis.

279 605 489 666 Iamque
526 603 688 652 omnis
727 603 915 667 campis
953 603 1192 652 exercitus
1230 603 1332 653 ibat
1367 604 1547 667 apertis
1831 625 1879 667 25

209 684 347 733 dives
384 701 583 748 equum,
624 684 761 734 dives
798 684 948 748 pictai
984 685 1132 734 vestis
1168 694 1217 734 et
1252 685 1425 734 auri-—

212 767 476 828 Messapus
513 765 695 829 primas
731 766 875 826 acies,
916 775 1166 830 postrema
1201 777 1431 817 coercent

210 845 483 909 Tyrrhidae
519 846 736 907 iuvenes,
777 847 945 896 medio
982 849 1084 896 dux
1118 848 1314 912 agmine
1350 852 1629 910 Turnus—‚

211 926 434 994 [vertitur
468 946 605 977 arma
640 938 815 978 tenens
852 938 901 978 et
937 938 1043 978 toto
1079 928 1261 978 vertice
1298 947 1444 994 supra
1480 929 1591 998 est.]

209 1027 302 1059 ceu
339 1019 532 1074 septem
568 1027 770 1075 surgens
807 1010 990 1060 sedatis
1027 1011 1257 1060 amnibus
1293 1014 1419 1060 altus
1832 1033 1883 1072 30

208 1108 296 1154 per
332 1091 538 1140 tacitum
575 1094 773 1156 Ganges
810 1101 895 1141 aut
932 1092 1103 1156 pingui
1140 1094 1343 1143 flumine
1381 1094 1525 1142 Nilus

209 1189 325 1220 cum
362 1172 524 1221 refluit
559 1173 747 1237 campis
785 1183 833 1223 et
870 1174 968 1222 iam
1006 1191 1059 1223 se
1095 1174 1323 1223 condidit
1357 1177 1512 1225 alveo.

209 1253 290 1302 hic
327 1254 542 1303 subitam
579 1254 718 1319 nigro
755 1255 1015 1319 glomerari
1051 1258 1251 1320 pulvere
1287 1257 1474 1306 nubem

207 1334 516 1399 prospiciunt
553 1336 734 1385 Teucri
770 1354 829 1386 ac
865 1338 1094 1386 tenebras
1131 1337 1381 1402 insurgere
1417 1338 1617 1403 campis.

207 1416 395 1479 primus
431 1418 496 1466 ab
532 1419 738 1467 adversa
775 1421 1055 1468 conclamat
1091 1421 1224 1469 mole
1261 1420 1471 1470 Caicus:
1828 1439 1880 1484 35

212 1497 348 1561 ‘..quis
385 1499 576 1562 globUS,
617 1516 647 1548 o
684 1499 827 1559 cives,
869 1499 1077 1563 caligine
1113 1500 1324 1549 volvitur
1357 1505 1498 1550 atra?

207 1581 328 1629 ferte
365 1579 449 1629 citi
485 1582 681 1640 ferrum,
722 1582 837 1630 date
875 1583 985 1641 tela,
1025 1582 1280 1630 ascendite
1317 1600 1496 1643 muros,

208 1660 363 1710 hostis
399 1661 552 1720 adest,
594 1661 764 1710 heial'
801 1661 990 1726 ingenti
1027 1665 1244 1712 clamore
1280 1681 1367 1728 per
1401 1665 1565 1713 omnis

210 1743 432 1790 condunt
469 1759 521 1791 se
558 1742 739 1791 Teucri
774 1752 940 1807 portas
977 1753 1025 1793 et
1062 1744 1261 1793 moenia
1295 1748 1561 1809 complent.

207 1839 425 1886 namque
462 1823 531 1871 ita
567 1823 830 1873 discedens
867 1835 1185 1889 praeceperat
1222 1825 1439 1889 optimus
1475 1827 1622 1876 armis
1827 1850 1884 1889 40

206 1905 434 1952 Aeneas:
472 1903 512 1952 si
549 1921 647 1967 qua
683 1904 870 1953 interea
905 1907 1103 1954 fortuna
1139 1906 1322 1966 fuisset,

206 2001 304 2033 neu
342 1993 527 2033 struere
563 1987 804 2034 auderent
840 1986 1000 2035 aciem
1037 2004 1135 2036 neu
1173 1990 1374 2037 credere
1410 2006 1589 2053 campo
1607 2008 1622 2051 ‚-

207 2074 365 2114 castra
401 2067 554 2115 modo
592 2075 640 2116 et
678 2076 810 2116 tutos
848 2078 1097 2117 servarent
1133 2086 1308 2134 aggere
1346 2088 1525 2120 muros.

207 2163 321 2210 ergo
359 2147 449 2196 etsi
486 2150 708 2198 conferre
746 2166 950 2198 manum
987 2152 1149 2214 pudor
1185 2151 1354 2215 iraque
1390 2162 1642 2214 monstrat,

206 2227 430 2277 obiciunt
466 2238 632 2292 portas
671 2239 839 2279 tamen
877 2240 925 2279 et
963 2242 1226 2296 praecepta
1263 2236 1523 2294 facessunt,
1824 2256 1877 2298 45

204 2309 478 2372 armatique
514 2310 646 2359 cavis
684 2320 972 2375 exspectant
1011 2313 1223 2363 turribus
1260 2315 1470 2364 hostem.

272 2392 486 2450 Turnus,
525 2400 579 2439 ut
614 2401 730 2441 ante
766 2394 938 2442 volans
979 2396 1173 2443 tardum
1210 2406 1542 2458 praecesserat
1577 2414 1757 2462 agmen

203 2471 375 2536 viginti
411 2472 549 2521 lectis
587 2473 810 2540 equitum
850 2475 1113 2526 comitatus
1151 2486 1199 2526 et
1235 2477 1345 2526 urbi

203 2552 498 2615 improvisus
534 2556 676 2603 adest
715 2555 942 2620 (maculis
982 2575 1132 2621 quem
1170 2558 1412 2608 Thracius
1447 2560 1573 2610 albis

203 2643 365 2696 portat
402 2652 560 2698 equus
598 2636 843 2701 cristaque
882 2639 1000 2703 tegit
1037 2642 1177 2703 galea
1212 2657 1359 2690 aurea
1395 2642 1578 2706 rubra),
1826 2663 1883 2704 50

207 2716 404 2779 ‘ecquis
442 2717 543 2777 erit,
587 2736 799 2780 mecum,
839 2720 1056 2782 iuvenes,
1097 2722 1182 2785 qui
1218 2723 1405 2786 primus
1442 2724 1493 2772 in
1529 2726 1817 2774 hostem-?

259 2859 391 2897 21—31
417 2847 571 2894 MPR;
603 2861 735 2899 32-51
768 2850 936 2890 FMPR
1185 2865 1234 2890 21
1269 2866 1424 2903 sequar
1443 2854 1493 2892 M
1648 2869 1702 2895 22
1731 2862 1774 2896 et
1794 2869 1876 2896 om.

203 2900 260 2939 P2
281 2915 289 2939 ε
322 2915 373 2940 ea
394 2901 561 2954 Bentley
727 2916 779 2954 25
809 2904 968 2956 omnis]
990 2907 1099 2945 adeo
1119 2905 1188 2944 M2
1355 2910 1532 2959 29=vii.
1558 2910 1634 2958 784
1659 2923 1741 2950 om.
1765 2911 1876 2951 codd.

203 2968 346 2994 omnes
375 2956 475 2996 boni
582 2970 635 3008 33
666 2958 809 3012 nigro]
832 2973 985 3011 magno
1005 2960 1089 3012 ΡὙ1
1200 2974 1251 3013 37
1283 2963 1474 3002 scandite
1495 2963 1590 3002 M²z
1621 2969 1664 3003 et
1683 2965 1878 3005 scandite

202 3008 352 3048 FRbcn
464 3024 516 3060 44
538 3012 695 3064 pudor]
713 3014 831 3052 furor
843 3014 1007 3054 Nonius
1100 3022 1336 3056 monstrant
1349 3017 1391 3055 F
1493 3030 1544 3067 47
1567 3016 1632 3069 ut]
1651 3024 1694 3058 at
1705 3017 1881 3060 Schenkl
