2020 3372
165 1995 225 2035 M.

1437 141 1723 199 ECLOGA
1760 142 1836 189 IX

263 297 398 330 nunc
433 279 563 340 victi,
602 279 777 340 tristes,
817 278 1055 343 quoniam
1090 281 1197 328 fors
1227 278 1397 328 omnia
1431 288 1605 338 versat,
1810 299 1831 338 5

263 365 356 411 hos
392 361 461 410 illi
499 361 662 426 (quod
694 377 788 409 nec
823 370 980 409 vertat
1016 359 1167 425 bene)
1207 360 1449 409 mittimus
1491 362 1695 409 haedos.

270 445 417 494 Certe
453 442 688 506 equidem
724 441 992 501 audieram,
1032 459 1132 505 qua
1167 459 1220 490 se
1256 442 1536 491 subducere
1574 443 1726 491 colles

263 523 508 588 incipiunt
544 523 784 587 mollique
820 522 990 586 iugum
1028 522 1291 572 demittere
1327 523 1471 583 clivo,

262 621 421 668 usque
445 606 511 653 ad
533 621 715 667 aquam
741 614 792 653 et
814 613 1016 664 veteres,
1044 603 1143 652 iam
1169 606 1322 652 fracta
1347 603 1621 664 cacumina,
1649 606 1801 668 fagos,

265 686 435 735 omnia
470 685 772 734 carminibus
808 695 1027 734 vestrum
1063 703 1282 735 servasse
1321 688 1604 735 Menalcan.
1786 705 1836 733 10

267 767 524 826 Audieras,
564 777 613 815 et
648 769 781 815 fama
816 767 942 827 fuit,
978 768 1066 815 sed
1104 767 1323 815 carmina
1358 777 1553 816 tantum

263 858 432 898 nostra
466 850 644 907 valent,
684 848 885 911 Lycida,
924 851 1022 897 tela
1058 848 1185 897 inter
1223 848 1405 897 Martia
1440 858 1684 912 quantum

265 929 517 980 Chaonias
553 929 726 979 dicunt
762 929 927 993 aquila
963 930 1193 979 veniente
1230 931 1501 979 columbas.

263 1013 402 1075 quod
439 1011 534 1060 nisi
569 1029 650 1060 me
686 1028 1004 1075 quacumque
1040 1029 1194 1061 novas
1230 1011 1450 1062 incidere
1486 1013 1594 1062 lites

263 1103 378 1143 ante
414 1093 608 1142 sinistra
644 1111 763 1142 cava
800 1094 1075 1143 monuisset
1109 1095 1175 1143 ab
1211 1094 1323 1143 ilice
1360 1095 1545 1154 cornix,
1789 1115 1835 1154 15

265 1192 358 1224 nec
394 1185 507 1223 tuus
543 1175 625 1223 hic
664 1174 851 1224 Moeris
888 1192 982 1224 nec
1017 1175 1201 1224 viveret
1237 1175 1343 1239 ipse
1382 1178 1653 1225 Menalcas.

267 1259 401 1316 Heu,
425 1256 557 1305 cadit
572 1257 622 1304 in
644 1273 947 1320 quemquam
965 1267 1158 1305 tantum
1178 1259 1369 1306 scelus?
1406 1259 1519 1317 heu,
1539 1267 1624 1306 tua
1659 1257 1804 1306 nobis

263 1354 423 1401 paene
460 1337 606 1386 simul
643 1347 809 1386 tecum
846 1338 1031 1386 solacia
1066 1348 1218 1402 rapta,
1260 1341 1534 1387 Menalca?

266 1418 376 1482 quis
414 1430 611 1468 caneret
647 1421 946 1483 Nymphas?
982 1419 1092 1483 quis
1118 1421 1328 1469 humum
1354 1421 1645 1469 florentibus
1672 1420 1838 1470 herbis

266 1511 515 1565 spargeret
550 1511 635 1550 aut
671 1501 814 1551 viridi
851 1502 1002 1551 fontis
1039 1501 1297 1552 induceret
1333 1503 1550 1551 umbra?
1787 1524 1838 1550 20

254 1585 344 1646 >vel
380 1599 507 1645 quae
544 1582 735 1647 sublegi
772 1582 950 1632 tacitus
987 1583 1077 1631 tibi
1114 1583 1334 1632 carmina
1370 1601 1540 1647 nuper,

265 1680 381 1712 cum
418 1673 467 1712 te
502 1665 568 1713 ad
604 1663 805 1712 delicias
843 1666 991 1713 ferres
1029 1665 1335 1727 Amaryllida
1370 1669 1600 1715 nostras?

268 1750 279 1771 ‘
299 1746 481 1809 Tityre,
522 1747 643 1795 dum
680 1747 831 1795 redeo
870 1746 1052 1811 (brevis
1089 1755 1162 1795 est
1198 1745 1315 1810 via)
1335 1763 1485 1809 pasce
1521 1748 1750 1810 capellas,

269 1835 317 1874 et
354 1836 530 1890 potum
566 1835 731 1889 pastas
768 1843 871 1889 age,
911 1826 1094 1889 Tityre,
1133 1836 1182 1875 et
1218 1826 1345 1875 inter
1379 1828 1629 1890 agendum

266 1924 524 1956 occursare
560 1924 710 1971 capro
749 1907 924 1971 (cornu
961 1907 1070 1956 ferit
1106 1908 1208 1971 ille)
1247 1911 1451 1957 caveto.'
1786 1929 1833 1969 25

269 1990 434 2037 Immo
471 1991 608 2048 haec,
650 2006 777 2052 quae
814 1991 946 2038 Varo
983 1991 1203 2038 necdum
1239 1991 1457 2052 perfecta
1492 1990 1703 2038 canebat

270 2072 440 2129 ‘Vare,
481 2080 622 2118 tuum
658 2088 860 2130 nomen,
900 2080 1097 2134 superet
1134 2072 1288 2119 modo
1327 2073 1539 2119 Mantua
1571 2070 1737 2131 nobis,

269 2153 481 2199 Mantua
515 2169 604 2200 vae
642 2151 850 2200 miserae
889 2151 1100 2200 nimium
1138 2151 1300 2200 vicina
1337 2153 1631 2211 Cremonae,

268 2241 523 2280 cantantes
562 2231 774 2281 sublime
810 2234 968 2281 ferent
1004 2234 1070 2281 ad
1107 2232 1267 2281 sidera
1304 2232 1477 2295 cycni.'

269 2313 349 2362 Sic
385 2323 470 2362 tua
506 2315 724 2376 Cyrneas
760 2313 949 2378 fugiant
985 2314 1212 2363 examina
1248 2323 1400 2373 taxos,
1787 2335 1839 2374 30

268 2394 338 2443 sic
374 2395 530 2458 cytiso
565 2404 735 2458 pastae
771 2395 1059 2444 distendant
1096 2396 1249 2444 ubera
1285 2412 1480 2455 vaccae,

267 2475 445 2538 incipe,
485 2476 526 2524 si
562 2476 685 2539 quid
720 2477 888 2525 habes.
952 2486 1000 2525 et
1038 2494 1118 2525 me
1154 2479 1314 2526 fecere
1350 2487 1551 2540 poetam

269 2556 502 2617 Pierides,
541 2567 656 2606 sunt
693 2568 741 2606 et
778 2558 899 2606 mihi
936 2559 1168 2618 carmina,
1209 2576 1288 2607 me
1326 2576 1527 2622 quoque
1564 2559 1737 2608 dicunt

267 2647 430 2686 vatem
467 2648 688 2701 pastores
706 2657 719 2699 3
757 2640 846 2687 sed
882 2656 984 2687 non
1023 2656 1114 2702 ego
1152 2641 1383 2688 credulus
1420 2639 1526 2688 illis.

268 2735 384 2765 nam
421 2735 584 2781 neque
619 2720 785 2767 adhuc
822 2719 973 2768 Vario
1010 2719 1182 2768 videor
1218 2738 1312 2769 nec
1349 2721 1513 2769 dicere
1551 2721 1715 2771 Cinna
1786 2742 1835 2781 35

221 2859 327 2898 5—35
357 2848 448 2886 MP
675 2862 702 2898 9
731 2850 890 2888 veteris
909 2849 1079 2899 Pyabcrr
1104 2850 1220 2887 schol.
1245 2850 1366 2889 Bern.
1494 2850 1578 2899 sagi
1611 2849 1840 2898 P7¹abcmn=

168 2901 452 2951 Quzhtilianus
566 2915 612 2951 17
635 2904 758 2942 cadet
770 2903 834 2942 Pb
921 2917 976 2954 29
997 2905 1134 2942 ferant
1147 2903 1237 2953 P27
1320 2917 1374 2953 30
1396 2905 1589 2954 Cyrneas
1604 2904 1658 2942 M
1666 2904 1678 2926 ¹
1691 2905 1808 2944 Serv.
1828 2919 1836 2942 :

168 2957 393 3005 Grynaeas
406 2956 459 2994 M
464 2956 593 3007 2Ργιφι
613 2958 731 2996 schol.
747 2958 869 2996 Bem.
1037 2969 1090 3007 35
1119 2958 1247 2997 Vario
1261 2958 1387 3008 Ργ2αι
1396 2960 1546 3010 probat
1556 2958 1671 2998 Serv.
1688 2974 1697 2999 ι
1726 2959 1838 2998 Varo

167 3010 378 3049 Ma²bcmrr
396 3012 517 3050 schol.
541 3012 680 3063 Bern.,
704 3013 889 3063 agnoscit
907 3011 1025 3052 Serv.
1046 3025 1197 3051 nomen
1218 3026 1301 3052 om.
1322 3013 1367 3063 ’γι
