2014 3372
249 160 301 207 P.
342 159 643 208 VERGILI
683 160 1009 210 MARONIS

249 316 377 363 quae
413 316 477 348 ne
514 308 735 348 monstra
771 298 840 362 pii
876 308 1160 363 paterentur
1196 298 1311 348 talia
1347 301 1504 349 Troes

247 380 398 429 delati
434 380 485 428 in
521 390 691 443 portus
729 397 827 429 neu
864 379 1006 429 litora
1042 379 1147 429 dira
1183 380 1418 441 subirent,

248 463 515 524 Neptunus
551 461 710 510 ventis
746 461 970 525 implevit
1005 464 1114 510 vela
1149 461 1395 522 secundis,

246 553 396 607 atque
432 545 600 607 fugam
637 542 777 592 dedit
814 552 862 592 et
898 552 1090 606 praeter
1125 545 1253 592 vada
1289 542 1475 592 fervida
1509 542 1652 593 vexit.

317 627 527 688 Iamque
563 625 860 673 rubescebat
895 624 1044 673 radiis
1081 641 1215 673 mare
1253 633 1300 673 et
1336 626 1535 674 aethere
1571 625 1637 674 ab
1671 626 1772 675 alto

246 709 438 755 Aurora
474 706 525 754 in
562 705 715 755 roseis
751 707 972 769 fulgebat
1008 708 1141 755 lutea
1178 705 1316 769 bigis,

247 805 361 836 cum
398 787 532 836 venti
569 804 780 850 posuere
817 787 1081 850 omnisque
1118 777 1321 851 repente
1357 787 1550 836 resedit

244 871 402 929 flatus,
443 878 491 918 et
527 868 578 917 in
615 871 751 918 lento
788 871 1037 918 luctantur
1073 885 1317 918 marmore
1353 878 1538 918 tonsae.

242 960 393 1014 atque
430 951 511 999 hic
547 954 745 1000 Aeneas
781 950 1035 1014 ingentem
1073 968 1132 999 ex
1167 967 1382 1014 aequore
1418 953 1586 1000 lucum

242 1033 492 1096 prospicit.
567 1035 701 1082 hunc
737 1032 865 1081 inter
900 1033 1053 1081 fluvio
1090 1032 1355 1081 Tiberinus
1390 1049 1606 1082 amoeno

241 1114 507 1163 verticibus
544 1113 727 1177 rapidis
765 1123 813 1163 et
850 1115 1005 1162 multa
1041 1116 1196 1162 flavus
1233 1115 1417 1163 harena

242 1196 293 1244 in
331 1213 465 1245 mare
502 1193 791 1260 prorumpit.
865 1194 1027 1245 variae
1065 1196 1352 1260 circumque
1390 1213 1637 1260 supraque

241 1280 478 1328 adsuetae
515 1278 631 1342 ripis
668 1280 894 1327 volucres
932 1287 981 1327 et
1018 1277 1236 1327 fluminis
1273 1280 1415 1327 alveo

240 1362 440 1409 aethera
476 1361 765 1409 mulcebant
801 1370 951 1409 cantu
989 1362 1205 1424 lucoque
1241 1361 1489 1409 volabant.

240 1443 438 1490 flectere
474 1442 565 1490 iter
602 1441 748 1491 sociis
785 1452 1042 1506 terraeque
1078 1444 1333 1491 advertere
1370 1459 1537 1506 proras

239 1524 448 1587 imperat
486 1534 534 1574 et
570 1527 727 1573 laetus
765 1524 916 1574 fluvio
954 1524 1177 1574 succedit
1214 1541 1386 1588 opaco.

308 1609 457 1656 Nunc
494 1623 598 1670 age,
640 1606 725 1670 qui
762 1624 913 1670 reges,
955 1609 1121 1666 Erato,
1162 1623 1290 1669 quae
1327 1615 1565 1669 tempora,
1605 1622 1768 1655 rerum

239 1687 348 1752 quis
387 1687 531 1737 Latio
568 1687 776 1751 antiquo
813 1688 957 1738 fuerit
994 1697 1163 1748 status,
1203 1689 1398 1736 advena
1434 1689 1643 1737 classem

238 1787 353 1819 cum
389 1769 605 1833 primum
642 1769 878 1819 Ausoniis
916 1769 1157 1819 exercitus
1194 1768 1385 1832 appulit
1423 1769 1531 1829 oris,

238 1843 513 1915 expediam,
553 1861 601 1900 et
637 1851 826 1914 primae
863 1852 1109 1901 revocabo
1147 1851 1347 1900 exordia
1383 1867 1592 1914 pugnae.

237 1944 290 1982 tu
327 1943 505 1993 vatem,
545 1942 612 1992 tu,
653 1931 778 1992 diva,
820 1949 982 1981 mone.
1058 1931 1223 1981 dicam
1261 1931 1460 1980 horrida
1496 1932 1638 1991 bella,

237 2014 401 2063 dicam
437 2014 568 2063 acies
604 2023 844 2077 actosque
879 2012 1057 2062 animis
1094 2013 1146 2061 in
1183 2014 1356 2062 funera
1391 2030 1543 2076 reges,

236 2098 645 2159 Tyrrhenamque
683 2113 887 2144 manum
925 2105 1183 2159 totamque
1221 2096 1315 2144 sub
1351 2112 1488 2143 arma
1525 2103 1750 2144 coactam

237 2177 550 2241 Hesperiam.
625 2177 783 2226 maior
819 2193 982 2226 rerum
1019 2177 1141 2226 mihi
1178 2176 1396 2226 nascitur
1432 2178 1568 2238 ordo,

237 2258 393 2308 maius
431 2275 556 2321 opus
595 2275 789 2307 moveo.
1107 2259 1109 2261 ’

836 2342 946 2388 Rex
981 2358 1096 2389 arva
1134 2340 1340 2390 Latinus
1378 2350 1426 2390 et
1462 2341 1609 2389 urbes

234 2421 331 2470 iam
369 2421 532 2471 senior
568 2424 715 2485 longa
751 2421 971 2485 placidas
1009 2422 1059 2470 in
1096 2439 1220 2486 pace
1257 2423 1469 2485 regebat.

233 2505 367 2552 hunc
405 2506 579 2552 Fauno
616 2513 664 2552 et
701 2505 921 2567 nympha
957 2504 1180 2567 genitum
1220 2506 1467 2552 Laurente
1505 2502 1695 2552 Marica

231 2584 503 2647 accipimus
524 2604 537 2645 3
587 2587 761 2633 Fauno
799 2585 946 2634 Picus
984 2594 1134 2648 pater,
1175 2584 1316 2649 isque
1352 2594 1607 2648 parentem

232 2676 294 2726 te,
334 2668 556 2726 Saturne,
596 2666 755 2726 refert,
795 2676 848 2715 tu
888 2666 1138 2731 sanguinis
1176 2666 1377 2715 ultimus
1414 2675 1597 2715 auctor.

231 2748 360 2797 filius
396 2748 512 2797 huic
549 2748 651 2798 fato
689 2749 860 2798 divum
898 2751 1161 2812 prolesque
1197 2748 1345 2797 virilis

1875 645 1926 689 25

1875 1053 1928 1094 30

1871 1462 1920 1504 35

1866 1871 1922 1911 40

1861 2359 1915 2401 45

1859 2770 1914 2809 50

287 2891 422 2929 21-50
462 2879 633 2918 FMPR
893 2880 947 2916 26
978 2878 1188 2917 ‘inroseis
1227 2879 1292 2917 i.e.
1336 2891 1420 2917 non
1461 2876 1718 2917 rubicundis'
1759 2878 1914 2917 multos

230 2933 371 2984 legisse
409 2938 582 2974 testatur
616 2933 764 2973 Sem:
809 2934 853 2971 in
890 2933 1052 2972 croceis
1088 2933 1253 2983 Bentley
1467 2945 1518 2982 34
1548 2938 1650 2971 aera
1695 2930 1916 2982 Wakefield

230 3000 282 3037 37
306 2993 404 3039 post
422 2996 616 3038 tempora
638 2992 732 3028 recte
746 2988 1001 3040 interpunxit
1015 2987 1273 3040 Peerlkamp,
1294 2987 1419 3039 vulgo
1438 2999 1546 3037 quae
1559 2992 1750 3037 tempora
1769 2996 1915 3026 rerum*

228 3042 413 3094 iungunt
