2014 3372
249 140 301 187 P.
341 140 641 189 VERGILI
681 142 1008 191 MARONIS

247 278 431 341 pallida
467 280 743 343 Tisiphone
780 281 947 331 media
981 281 1109 331 inter
1144 282 1280 332 milia
1315 283 1480 333 saevit.

245 369 295 408 at
331 378 448 410 vero
483 361 737 424 ingentem
774 362 1002 425 quatiens
1042 364 1320 413 Mezentius
1357 366 1550 414 hastam

247 443 473 492 turbidus
510 443 782 507 ingreditur
818 461 1011 508 campo.
1087 463 1238 510 quam
1275 463 1483 510 magnus
1521 447 1692 508 Orion,

246 541 361 572 cum
398 526 552 588 pedes
588 524 777 574 incedit
813 526 967 582 medii
1003 544 1091 591 per
1127 527 1340 576 maxima
1377 528 1527 577 Nerei

246 614 418 669 stagna
454 606 584 654 viam
621 606 868 666 scindens,
909 625 1083 657 umero
1121 608 1454 672 supereminet
1490 611 1663 670 undas,
1844 618 1922 672 765

244 695 329 734 aut
367 687 572 736 summis
610 690 824 737 referens
861 706 1108 738 annosam
1147 689 1401 738 montibus
1438 707 1617 739 ornum

245 767 616 832 ingrediturque
652 772 761 819 solo
798 779 847 819 et
883 780 1034 833 caput
1072 771 1199 819 inter
1235 770 1406 820 nubila
1442 771 1644 821 condit:

245 849 353 898 talis
391 867 443 899 se
479 851 628 899 vastis
664 851 810 900 infert
849 852 1128 900 Mezentius
1164 852 1323 901 armis.

315 932 452 981 Huic
490 941 661 982 contra
697 935 894 982 Aeneas
933 935 1214 996 speculatus
1251 933 1302 981 in
1337 933 1535 997 agmine
1569 935 1720 996 longo
1942 1001 1944 1003 Ι

244 1013 419 1062 obvius
455 1013 524 1063 ire
560 1024 711 1077 parat.
786 1025 955 1064 manet
991 1015 1343 1079 imperterritus
1380 1015 1461 1064 ille
1847 1031 1925 1076 770

243 1097 440 1144 hostem
478 1097 853 1160 magnanimum
891 1098 1169 1162 opperiens,
1209 1107 1257 1147 et
1294 1100 1426 1147 mole
1463 1115 1552 1147 sua
1588 1107 1684 1146 stat

242 1186 392 1239 atque
430 1178 586 1226 oculis
624 1178 839 1241 spatium
876 1196 1108 1228 emensus
1148 1188 1389 1242 quantum
1427 1179 1543 1227 satis
1580 1180 1780 1228 hastae:

246 1260 443 1307 ‘dextra
481 1259 603 1307 mihi
640 1261 763 1309 deus
801 1269 850 1308 et
887 1262 1056 1320 telum,
1097 1262 1234 1323 quod
1271 1259 1455 1309 missile
1491 1260 1631 1320 libro,

242 1357 376 1389 nunc
413 1340 606 1389 adsint!
656 1358 814 1390 voveo
851 1341 1117 1405 praedonis
1157 1358 1362 1405 corpore
1398 1340 1547 1404 raptis

241 1421 473 1470 indutum
511 1422 680 1485 spoliis
718 1423 882 1486 ipsum
920 1433 980 1483 te,
1024 1426 1200 1483 Lause,
1241 1433 1498 1487 tropaeum
1846 1440 1920 1483 775

241 1506 474 1552 Aeneae.'
546 1504 680 1563 dixit,
722 1504 1119 1573 stridentemque
1158 1504 1351 1553 eminus
1389 1506 1582 1552 hastam

241 1584 367 1633 iecit.
441 1593 491 1633 at
527 1584 609 1633 illa
645 1587 817 1634 volans
855 1586 1017 1648 clipeo
1056 1595 1129 1634 est
1168 1603 1373 1634 excussa
1408 1587 1683 1648 proculque

239 1662 488 1725 egregium
524 1665 750 1712 Antoren
786 1665 913 1711 latus
949 1663 1075 1712 inter
1111 1674 1159 1712 et
1195 1665 1277 1713 ilia
1313 1666 1428 1730 figit,

240 1743 473 1792 Herculis
509 1747 735 1794 Antoren
772 1744 1020 1805 comitem,
1060 1746 1146 1809 qui
1182 1747 1359 1796 missus
1396 1750 1460 1798 ab
1496 1751 1639 1814 Argis

240 1824 464 1872 haeserat
502 1826 739 1873 Euandro
775 1834 926 1888 atque
966 1828 1092 1874 Itala
1129 1829 1422 1876 consederat
1458 1827 1593 1876 urbe.
1842 1838 1919 1889 780

240 1904 470 1953 sternitur
506 1904 673 1954 infelix
708 1906 872 1954 alieno
908 1909 1124 1967 vulnere,
1166 1910 1459 1975 caelumque

239 1986 413 2050 aspicit
450 1996 498 2036 et
534 1987 693 2037 dulcis
730 1988 946 2038 moriens
984 1989 1313 2039 reminiscitur
1348 1994 1519 2054 Argos.

239 2077 345 2116 tum
382 2068 492 2131 pius
530 2072 726 2118 Aeneas
765 2072 958 2119 hastam
998 2071 1146 2133 iacit,
1195 2071 1279 2120 illa
1313 2089 1400 2135 per
1436 2073 1609 2122 orbem

238 2166 349 2197 aere
386 2166 563 2198 cavum
600 2150 791 2214 triplici,
832 2169 919 2214 per
956 2152 1087 2201 linea
1125 2162 1259 2217 terga
1296 2153 1551 2216 tribusque

240 2230 427 2279 transiit
463 2231 705 2280 intextum
743 2233 892 2282 tauris
932 2251 1071 2298 opus,
1113 2234 1312 2298 imaque
1349 2234 1477 2284 sedit
1837 2245 1913 2297 785

238 2312 452 2376 inguine,
492 2316 580 2363 sed
618 2314 730 2363 viris
768 2317 903 2364 haud
940 2316 1152 2380 pertulit.
1228 2317 1366 2366 ocius
1403 2334 1574 2366 ensem

237 2396 434 2443 Aeneas
470 2395 576 2444 viso
613 2397 856 2459 Tyrrheni
894 2397 1132 2461 sanguine
1168 2400 1325 2447 laetus

237 2475 379 2538 eripit
414 2493 443 2524 a
478 2477 662 2526 femine
698 2488 747 2527 et
785 2479 1052 2542 trepidanti
1089 2479 1304 2528 fervidus
1340 2479 1501 2528 instat.

236 2557 476 2620 ingemuit
512 2559 610 2608 cari
647 2561 855 2623 graviter
892 2561 1127 2624 genitoris
1165 2579 1345 2622 amore,

235 2648 290 2687 ut
325 2639 460 2700 vidit,
501 2643 708 2701 Lausus,
749 2642 1080 2705 lacrimaeque
1116 2660 1203 2706 per
1239 2660 1324 2692 ora
1359 2645 1568 2693 volutae.
1832 2661 1910 2704 790

305 2721 405 2770 Hic
443 2723 613 2771 mortis
650 2726 802 2772 durae
839 2740 1010 2772 casum
1048 2733 1231 2788 tuaque
1268 2724 1457 2787 optima
1492 2726 1634 2783 facta,

292 2852 477 2900 761-791
503 2851 633 2890 MPR
885 2854 963 2903 763
995 2865 1188 2903 campum
1211 2851 1265 2890 M
1454 2855 1532 2903 769
1562 2853 1645 2892 huc
1665 2851 1750 2892 P¹:
1791 2852 1907 2892 hunc

235 2903 385 2942 ΜΡῑα2
534 2906 662 2956 longe
684 2920 727 2945 m
740 2907 924 2958 probant
940 2906 1119 2959 Madvzg·
1136 2907 1333 2947 Ribbeck:
1364 2906 1479 2958 long.
1502 2906 1561 2945 R1
1705 2919 1785 2956 770
1813 2906 1903 2959 ille]

234 2958 326 3007 ipse
346 2959 511 2998 Nonius
665 2974 741 3011 777
773 2962 892 3000 inicit
911 2976 940 3011 ’γ
1053 2967 1096 3001 at
1128 2975 1208 3002 om.
1245 2962 1346 3013 M¹7
1491 2963 1567 3010 785
1599 2961 1778 3000 transiet
1808 2960 1905 3000 M:

234 3013 386 3052 transit
420 3014 668 3053 Lachmann
838 3029 912 3065 791
947 3017 1105 3066 optime
1127 3016 1185 3054 M
1181 3016 1278 3055 2Rb1
1299 3015 1482 3067 agnoscit
1500 3015 1616 3055 Serv.
