2014 3372
1381 163 1743 212 AENEIDOS
1779 164 1829 209 V

158 307 365 353 Aenean
400 305 600 353 credam
638 302 780 368 (quid
816 302 951 352 enim
968 303 1009 368 ?)
1046 303 1304 352 fallacibus
1340 302 1468 351 auris
1747 313 1828 363 850

140 395 205 434 'et
241 387 391 444 caelo,
432 384 611 433 totiens
648 385 886 447 deceptus
922 385 1093 433 fraude
1130 383 1351 432 sereni?’

156 465 271 513 talia
306 464 439 513 dicta
474 465 638 523 dabat,
678 466 971 527 clavumque
1007 465 1198 513 adfixus
1234 473 1283 512 et
1318 465 1525 512 haerens

157 562 402 609 nusquam
438 545 696 593 amittebat
732 547 1004 608 oculosque
1042 546 1135 593 sub
1173 555 1302 594 astra
1340 545 1554 593 tenebat.

156 643 274 675 ecce
309 628 432 675 deus
469 643 660 674 ramum
697 628 918 674 Lethaeo
955 642 1062 674 rore
1100 628 1386 674 madentem

156 707 303 770 vique
339 716 624 769 soporatum
661 706 826 770 Stygia
861 723 1007 769 super
1042 715 1249 769 utraque
1285 715 1485 769 quassat
1744 715 1824 765 855

157 797 392 851 tempora,
432 787 784 850 cunctantique
820 787 1041 835 natantia
1076 787 1264 836 lumina
1304 787 1460 837 solvit.

155 868 235 916 vix
269 868 454 931 primos
490 868 694 931 inopina
729 867 868 931 quies
905 870 1147 917 laxaverat
1182 878 1327 928 artuS,

157 958 205 997 et
241 948 681 1011 superincumbens
719 967 834 997 cum
870 949 1050 1012 puppis
1086 958 1223 1012 parte
1258 951 1449 998 revulsa

156 1047 372 1093 cumque
407 1031 706 1093 gubernaclo
744 1030 956 1094 liquidas
994 1030 1198 1094 proiecit
1234 1030 1285 1078 in
1322 1031 1482 1078 undas

155 1110 472 1174 praecipitem
509 1128 567 1159 ac
603 1111 765 1160 socios
802 1111 1106 1174 nequiquam
1143 1128 1290 1174 saepe
1325 1119 1587 1160 vocantem
1604 1128 1618 1171 3
1745 1118 1827 1159 860

156 1192 261 1255 ipse
298 1194 468 1240 volans
505 1192 665 1240 tenuis
703 1209 755 1241 se
793 1193 987 1241 sustulit
1023 1195 1124 1240 ales
1159 1194 1224 1241 ad
1260 1209 1415 1241 auras.

156 1273 304 1321 currit
340 1273 430 1321 iter
466 1282 627 1321 tutum
665 1290 767 1322 non
805 1273 955 1322 setius
993 1290 1207 1336 aequore
1245 1273 1412 1322 classis

155 1353 508 1416 promissisque
543 1353 691 1416 patris
730 1354 954 1416 Neptuni
988 1353 1206 1402 interrita
1245 1356 1406 1403 fertur.

156 1434 354 1498 iamque
389 1437 516 1484 adeo
552 1437 782 1498 scopulos
820 1435 1047 1484 Sirenum
1082 1438 1290 1485 advecta
1325 1435 1536 1496 subibat,

155 1516 367 1565 difficilis
403 1518 658 1580 quondam
695 1519 1063 1581 multorumque
1100 1518 1294 1566 ossibus
1330 1519 1470 1566 albos
1745 1526 1822 1577 865

157 1597 284 1661 (tum
320 1614 467 1646 rauca
501 1597 712 1647 adsiduo
749 1601 895 1661 longe
932 1601 1032 1647 sale
1068 1616 1183 1647 saxa
1219 1598 1500 1663 sonabant),

155 1695 270 1726 cum
306 1688 443 1742 pater
477 1679 659 1727 amisso
696 1679 971 1728 fluitantem
1008 1697 1164 1729 errare
1200 1680 1432 1744 magistro

155 1759 320 1819 sensit,
361 1769 409 1808 et
444 1760 550 1823 ipse
586 1770 741 1808 ratem
784 1760 1036 1809 nocturnis
1073 1761 1193 1809 rexit
1228 1761 1280 1809 in
1318 1760 1464 1810 undis

157 1842 311 1889 multa
346 1857 548 1903 gemens
585 1858 802 1904 casuque
837 1842 1057 1890 animum
1094 1859 1364 1891 concussus
1401 1841 1576 1891 amici:

162 1926 222 1971 ‘o
258 1922 465 1971 nimium
503 1925 640 1972 caelo
678 1932 726 1972 et
762 1925 937 1986 pelago
974 1925 1162 1972 confise
1198 1941 1385 1983 sereno,
1743 1933 1824 1982 870

156 2006 319 2054 nudus
356 2004 406 2052 in
442 2004 621 2068 ignota,
665 2004 907 2064 Palinure,
947 2004 1130 2053 iacebis
1166 2006 1379 2053 harena.'

210 2138 397 2186 850-871
422 2135 553 2174 MPR
784 2137 866 2185 850
895 2135 1085 2174 fallacius
1112 2136 1170 2174 Ti.
1191 2135 1387 2174 Donatus
1496 2135 1652 2174 austris
1672 2134 1825 2185 P27⁶2n

163 2191 220 2229 Ti.
244 2191 438 2229 Donatus
548 2193 624 2240 851
649 2190 753 2229 caeli
768 2189 1072 2241 MP²R72b¹c2n
1088 2191 1271 2240 agnoscit
1287 2190 1342 2228 D.
1362 2189 1475 2229 Serv.
1563 2202 1719 2228 sereno
1739 2189 1824 2240 -γῑε1

156 2247 236 2293 852
267 2245 450 2284 dictabat
469 2244 527 2283 Pc
772 2246 853 2283 860
882 2244 1035 2297 saepe]
1058 2257 1160 2283 voce
1187 2243 1240 2281 M
1481 2245 1557 2283 861
1590 2243 1665 2294 ad]
1688 2245 1732 2281 in
1755 2243 1824 2293 Ργ

162 2300 308 2338 Versus
335 2299 418 2337 duo
439 2300 601 2350 primos
631 2300 735 2337 sexti
756 2299 848 2337 libri
863 2299 1040 2337 ineuntis
1069 2299 1212 2348 quinto
1243 2297 1476 2337 adiunxisse
1507 2298 1744 2349 Vergilium,
1767 2311 1822 2336 re·

157 2354 328 2393 movisse
347 2353 521 2393 Tuccam
540 2359 577 2392 et
596 2353 784 2405 Varium,
807 2358 954 2393 narrat
969 2353 1152 2405 Servius,
1175 2352 1423 2392 crediderunt
1439 2352 1604 2392 Probus
1621 2352 1791 2391 Ribbeck
