<?xml version="1.0" encoding="UTF-8"?>
<!DOCTYPE html PUBLIC "-//W3C//DTD XHTML 1.0 Transitional//EN"
    "http://www.w3.org/TR/xhtml1/DTD/xhtml1-transitional.dtd">
<html xmlns="http://www.w3.org/1999/xhtml" xml:lang="en" lang="en">
 <head>
  <title>
</title>
<meta http-equiv="Content-Type" content="text/html;charset=utf-8" />
  <meta name='ocr-system' content='tesseract 3.04.00' />
  <meta name='ocr-capabilities' content='ocr_page ocr_carea ocr_par ocr_line ocrx_word'/>
</head>
<body>
  <div class='ocr_page' id='page_1' title='image "./operarecognovitb00virguoft_0310.png"; bbox 0 0 2014 3372; ppageno 0'>
   <div class='ocr_carea' id='block_1_1' title="bbox 211 183 974 232">
    <p class='ocr_par' dir='ltr' id='par_1_1' title="bbox 211 183 974 232">
     <span class='ocr_line' id='line_1_1' title="bbox 211 183 974 232; baseline -0.004 0"><span class='ocrx_word' id='word_1_1' title='bbox 211 186 262 232; x_wconf 92' lang='lat' dir='ltr'>P.</span> <span class='ocrx_word' id='word_1_2' title='bbox 303 184 605 232; x_wconf 89' lang='lat' dir='ltr'>VERGILI</span> <span class='ocrx_word' id='word_1_3' title='bbox 647 183 974 232; x_wconf 89' lang='lat' dir='ltr'><strong>MARONIS</strong></span> 
     </span>
    </p>
   </div>
   <div class='ocr_carea' id='block_1_2' title="bbox 200 321 1890 3008">
    <p class='ocr_par' dir='ltr' id='par_1_2' title="bbox 200 321 1890 3008">
     <span class='ocr_line' id='line_1_2' title="bbox 209 321 1615 387; baseline -0.002 -14"><span class='ocrx_word' id='word_1_4' title='bbox 209 340 434 387; x_wconf 90' lang='lat' dir='ltr'>spargere</span> <span class='ocrx_word' id='word_1_5' title='bbox 471 323 556 387; x_wconf 90' lang='lat' dir='ltr'>qui</span> <span class='ocrx_word' id='word_1_6' title='bbox 592 340 797 372; x_wconf 87' lang='lat' dir='ltr'>somnos</span> <span class='ocrx_word' id='word_1_7' title='bbox 835 331 1086 386; x_wconf 83' lang='lat' dir='ltr'>cantuque</span> <span class='ocrx_word' id='word_1_8' title='bbox 1122 338 1375 386; x_wconf 91' lang='lat' dir='ltr'>manuque</span> <span class='ocrx_word' id='word_1_9' title='bbox 1410 321 1615 382; x_wconf 83' lang='lat' dir='ltr'><strong>solebat,</strong></span> 
     </span>
     <span class='ocr_line' id='line_1_3' title="bbox 209 404 1887 467; baseline 0 -15"><span class='ocrx_word' id='word_1_10' title='bbox 209 405 562 467; x_wconf 83' lang='lat' dir='ltr'>mulcebatque</span> <span class='ocrx_word' id='word_1_11' title='bbox 598 404 693 453; x_wconf 90' lang='lat' dir='ltr'>iras</span> <span class='ocrx_word' id='word_1_12' title='bbox 731 413 780 452; x_wconf 90' lang='lat' dir='ltr'>et</span> <span class='ocrx_word' id='word_1_13' title='bbox 817 421 1009 453; x_wconf 90' lang='lat' dir='ltr'>morsus</span> <span class='ocrx_word' id='word_1_14' title='bbox 1046 413 1149 453; x_wconf 89' lang='lat' dir='ltr'>arte</span> <span class='ocrx_word' id='word_1_15' title='bbox 1185 405 1393 452; x_wconf 90' lang='lat' dir='ltr'>levabat.</span> <span class='ocrx_word' id='word_1_16' title='bbox 1812 422 1887 467; x_wconf 86' lang='lat'>755</span> 
     </span>
     <span class='ocr_line' id='line_1_4' title="bbox 209 485 1481 549; baseline -0.001 -14"><span class='ocrx_word' id='word_1_17' title='bbox 209 489 298 536; x_wconf 92' lang='lat' dir='ltr'>sed</span> <span class='ocrx_word' id='word_1_18' title='bbox 334 504 436 536; x_wconf 92' lang='lat' dir='ltr'>non</span> <span class='ocrx_word' id='word_1_19' title='bbox 476 486 759 536; x_wconf 81' lang='lat' dir='ltr'>Dardaniae</span> <span class='ocrx_word' id='word_1_20' title='bbox 796 485 1033 535; x_wconf 89' lang='lat' dir='ltr'>medicari</span> <span class='ocrx_word' id='word_1_21' title='bbox 1070 485 1290 549; x_wconf 87' lang='lat' dir='ltr'>cuspidis</span> <span class='ocrx_word' id='word_1_22' title='bbox 1327 485 1481 534; x_wconf 89' lang='lat' dir='ltr'>ictum</span> 
     </span>
     <span class='ocr_line' id='line_1_5' title="bbox 207 567 1482 632; baseline -0.001 -16"><span class='ocrx_word' id='word_1_23' title='bbox 207 568 390 617; x_wconf 86' lang='lat' dir='ltr'>evaluit</span> <span class='ocrx_word' id='word_1_24' title='bbox 425 586 589 632; x_wconf 93' lang='lat' dir='ltr'>neque</span> <span class='ocrx_word' id='word_1_25' title='bbox 626 586 741 617; x_wconf 92' lang='lat' dir='ltr'>eum</span> <span class='ocrx_word' id='word_1_26' title='bbox 778 569 944 617; x_wconf 87' lang='lat' dir='ltr'>iuvere</span> <span class='ocrx_word' id='word_1_27' title='bbox 980 567 1031 616; x_wconf 92' lang='lat' dir='ltr'>in</span> <span class='ocrx_word' id='word_1_28' title='bbox 1068 570 1273 616; x_wconf 91' lang='lat' dir='ltr'>vulnera</span> <span class='ocrx_word' id='word_1_29' title='bbox 1308 576 1482 616; x_wconf 90' lang='lat' dir='ltr'>cantus</span> 
     </span>
     <span class='ocr_line' id='line_1_6' title="bbox 209 649 1584 713; baseline -0.001 -15"><span class='ocrx_word' id='word_1_30' title='bbox 209 650 462 699; x_wconf 81' lang='lat' dir='ltr'>somniferi</span> <span class='ocrx_word' id='word_1_31' title='bbox 499 660 547 699; x_wconf 92' lang='lat' dir='ltr'>et</span> <span class='ocrx_word' id='word_1_32' title='bbox 587 650 766 698; x_wconf 88' lang='lat' dir='ltr'>Marsis</span> <span class='ocrx_word' id='word_1_33' title='bbox 804 649 1056 713; x_wconf 89' lang='lat' dir='ltr'>quaesitae</span> <span class='ocrx_word' id='word_1_34' title='bbox 1094 649 1349 698; x_wconf 88' lang='lat' dir='ltr'>montibus</span> <span class='ocrx_word' id='word_1_35' title='bbox 1387 649 1584 697; x_wconf 90' lang='lat' dir='ltr'>herbae.</span> 
     </span>
     <span class='ocr_line' id='line_1_7' title="bbox 210 731 1478 795; baseline -0.002 -14"><span class='ocrx_word' id='word_1_36' title='bbox 210 741 258 781; x_wconf 90' lang='lat' dir='ltr'>te</span> <span class='ocrx_word' id='word_1_37' title='bbox 294 750 472 781; x_wconf 90' lang='lat' dir='ltr'>nemus</span> <span class='ocrx_word' id='word_1_38' title='bbox 510 732 755 795; x_wconf 87' lang='lat' dir='ltr'>Angitiae,</span> <span class='ocrx_word' id='word_1_39' title='bbox 795 731 949 780; x_wconf 88' lang='lat' dir='ltr'>vitrea</span> <span class='ocrx_word' id='word_1_40' title='bbox 985 740 1034 780; x_wconf 90' lang='lat' dir='ltr'>te</span> <span class='ocrx_word' id='word_1_41' title='bbox 1073 731 1291 780; x_wconf 89' lang='lat' dir='ltr'>Fucinus</span> <span class='ocrx_word' id='word_1_42' title='bbox 1328 732 1478 790; x_wconf 88' lang='lat' dir='ltr'>unda,</span> 
     </span>
     <span class='ocr_line' id='line_1_8' title="bbox 208 813 1890 877; baseline -0.002 -15"><span class='ocrx_word' id='word_1_43' title='bbox 208 823 256 862; x_wconf 91' lang='lat' dir='ltr'>te</span> <span class='ocrx_word' id='word_1_44' title='bbox 292 813 469 877; x_wconf 89' lang='lat' dir='ltr'>liquidi</span> <span class='ocrx_word' id='word_1_45' title='bbox 505 817 684 863; x_wconf 91' lang='lat' dir='ltr'>flevere</span> <span class='ocrx_word' id='word_1_46' title='bbox 721 816 870 862; x_wconf 89' lang='lat' dir='ltr'>lacus.</span> <span class='ocrx_word' id='word_1_47' title='bbox 1810 818 1890 872; x_wconf 85' lang='lat'>760</span> 
     </span>
     <span class='ocr_line' id='line_1_9' title="bbox 278 894 1531 959; baseline -0.002 -16"><span class='ocrx_word' id='word_1_48' title='bbox 278 896 391 944; x_wconf 92' lang='lat' dir='ltr'>Ibat</span> <span class='ocrx_word' id='word_1_49' title='bbox 429 904 477 944; x_wconf 92' lang='lat' dir='ltr'>et</span> <span class='ocrx_word' id='word_1_50' title='bbox 516 894 780 959; x_wconf 89' lang='lat' dir='ltr'>Hippolyti</span> <span class='ocrx_word' id='word_1_51' title='bbox 816 897 979 958; x_wconf 92' lang='lat' dir='ltr'>proles</span> <span class='ocrx_word' id='word_1_52' title='bbox 1016 894 1348 957; x_wconf 90' lang='lat' dir='ltr'>pulcherrima</span> <span class='ocrx_word' id='word_1_53' title='bbox 1383 894 1531 953; x_wconf 91' lang='lat' dir='ltr'>bello,</span> 
     </span>
     <span class='ocr_line' id='line_1_10' title="bbox 208 974 1477 1039; baseline -0.002 -15"><span class='ocrx_word' id='word_1_54' title='bbox 208 976 423 1036; x_wconf 87' lang='lat' dir='ltr'>Virbius,</span> <span class='ocrx_word' id='word_1_55' title='bbox 462 976 709 1039; x_wconf 85' lang='lat' dir='ltr'>insignem</span> <span class='ocrx_word' id='word_1_56' title='bbox 747 993 898 1039; x_wconf 93' lang='lat' dir='ltr'>quem</span> <span class='ocrx_word' id='word_1_57' title='bbox 935 985 1092 1025; x_wconf 90' lang='lat' dir='ltr'>mater</span> <span class='ocrx_word' id='word_1_58' title='bbox 1129 975 1295 1024; x_wconf 91' lang='lat' dir='ltr'>Aricia</span> <span class='ocrx_word' id='word_1_59' title='bbox 1331 974 1477 1035; x_wconf 89' lang='lat' dir='ltr'>misit,</span> 
     </span>
     <span class='ocr_line' id='line_1_11' title="bbox 207 1058 1331 1122; baseline -0.001 -16"><span class='ocrx_word' id='word_1_60' title='bbox 207 1060 445 1107; x_wconf 91' lang='lat' dir='ltr'>eductum</span> <span class='ocrx_word' id='word_1_61' title='bbox 484 1058 690 1122; x_wconf 85' lang='lat' dir='ltr'>Egeriae</span> <span class='ocrx_word' id='word_1_62' title='bbox 726 1058 849 1107; x_wconf 91' lang='lat' dir='ltr'>lucis</span> <span class='ocrx_word' id='word_1_63' title='bbox 887 1058 1109 1107; x_wconf 87' lang='lat' dir='ltr'>umentia</span> <span class='ocrx_word' id='word_1_64' title='bbox 1146 1058 1331 1106; x_wconf 89' lang='lat' dir='ltr'>circum</span> 
     </span>
     <span class='ocr_line' id='line_1_12' title="bbox 207 1139 1460 1203; baseline -0.001 -15"><span class='ocrx_word' id='word_1_65' title='bbox 207 1139 361 1200; x_wconf 91' lang='lat' dir='ltr'>litora,</span> <span class='ocrx_word' id='word_1_66' title='bbox 400 1140 596 1203; x_wconf 90' lang='lat' dir='ltr'>pinguis</span> <span class='ocrx_word' id='word_1_67' title='bbox 633 1140 721 1189; x_wconf 91' lang='lat' dir='ltr'>ubi</span> <span class='ocrx_word' id='word_1_68' title='bbox 758 1150 806 1189; x_wconf 91' lang='lat' dir='ltr'>et</span> <span class='ocrx_word' id='word_1_69' title='bbox 842 1140 1097 1203; x_wconf 89' lang='lat' dir='ltr'>placabilis</span> <span class='ocrx_word' id='word_1_70' title='bbox 1135 1157 1217 1188; x_wconf 91' lang='lat' dir='ltr'>ara</span> <span class='ocrx_word' id='word_1_71' title='bbox 1255 1139 1460 1188; x_wconf 90' lang='lat' dir='ltr'>Dianae.</span> 
     </span>
     <span class='ocr_line' id='line_1_13' title="bbox 207 1222 1884 1286; baseline 0 -17"><span class='ocrx_word' id='word_1_72' title='bbox 207 1239 423 1286; x_wconf 92' lang='lat' dir='ltr'>namque</span> <span class='ocrx_word' id='word_1_73' title='bbox 439 1224 602 1271; x_wconf 91' lang='lat' dir='ltr'>ferunt</span> <span class='ocrx_word' id='word_1_74' title='bbox 618 1224 750 1270; x_wconf 90' lang='lat' dir='ltr'>fama</span> <span class='ocrx_word' id='word_1_75' title='bbox 771 1222 1119 1285; x_wconf 91' lang='lat' dir='ltr'>Hippolytum,</span> <span class='ocrx_word' id='word_1_76' title='bbox 1142 1230 1409 1285; x_wconf 89' lang='lat' dir='ltr'>postquam</span> <span class='ocrx_word' id='word_1_77' title='bbox 1425 1229 1528 1270; x_wconf 90' lang='lat' dir='ltr'>arte</span> <span class='ocrx_word' id='word_1_78' title='bbox 1547 1237 1790 1270; x_wconf 87' lang='lat' dir='ltr'>novercae</span> <span class='ocrx_word' id='word_1_79' title='bbox 1810 1227 1884 1282; x_wconf 78' lang='lat'>765</span> 
     </span>
     <span class='ocr_line' id='line_1_14' title="bbox 207 1298 1512 1368; baseline -0.002 -15"><span class='ocrx_word' id='word_1_80' title='bbox 207 1304 444 1353; x_wconf 86' lang='lat' dir='ltr'>occiderit</span> <span class='ocrx_word' id='word_1_81' title='bbox 480 1304 762 1368; x_wconf 87' lang='lat' dir='ltr'>patriasque</span> <span class='ocrx_word' id='word_1_82' title='bbox 800 1303 1004 1367; x_wconf 89' lang='lat' dir='ltr'>explerit</span> <span class='ocrx_word' id='word_1_83' title='bbox 1042 1303 1281 1367; x_wconf 88' lang='lat' dir='ltr'>sanguine</span> <span class='ocrx_word' id='word_1_84' title='bbox 1317 1298 1512 1366; x_wconf 62' lang='lat' dir='ltr'>poenas⁸</span> 
     </span>
     <span class='ocr_line' id='line_1_15' title="bbox 207 1384 1409 1449; baseline 0 -16"><span class='ocrx_word' id='word_1_85' title='bbox 207 1385 412 1434; x_wconf 84' lang='lat' dir='ltr'>turbatis</span> <span class='ocrx_word' id='word_1_86' title='bbox 451 1385 714 1435; x_wconf 89' lang='lat' dir='ltr'>distractus</span> <span class='ocrx_word' id='word_1_87' title='bbox 752 1384 907 1449; x_wconf 90' lang='lat' dir='ltr'>equis,</span> <span class='ocrx_word' id='word_1_88' title='bbox 947 1386 1012 1434; x_wconf 91' lang='lat' dir='ltr'>ad</span> <span class='ocrx_word' id='word_1_89' title='bbox 1049 1384 1210 1434; x_wconf 88' lang='lat' dir='ltr'>sidera</span> <span class='ocrx_word' id='word_1_90' title='bbox 1245 1401 1409 1433; x_wconf 89' lang='lat' dir='ltr'>rursus</span> 
     </span>
     <span class='ocr_line' id='line_1_16' title="bbox 204 1465 1458 1529; baseline -0.001 -15"><span class='ocrx_word' id='word_1_91' title='bbox 204 1466 422 1514; x_wconf 90' lang='lat' dir='ltr'>aetheria</span> <span class='ocrx_word' id='word_1_92' title='bbox 458 1475 506 1515; x_wconf 88' lang='lat' dir='ltr'>et</span> <span class='ocrx_word' id='word_1_93' title='bbox 543 1483 744 1529; x_wconf 89' lang='lat' dir='ltr'>superas</span> <span class='ocrx_word' id='word_1_94' title='bbox 782 1465 906 1514; x_wconf 89' lang='lat' dir='ltr'>caeli</span> <span class='ocrx_word' id='word_1_95' title='bbox 941 1465 1135 1514; x_wconf 86' lang='lat' dir='ltr'>venisse</span> <span class='ocrx_word' id='word_1_96' title='bbox 1173 1466 1267 1514; x_wconf 90' lang='lat' dir='ltr'>sub</span> <span class='ocrx_word' id='word_1_97' title='bbox 1301 1482 1458 1525; x_wconf 91' lang='lat' dir='ltr'>auras,</span> 
     </span>
     <span class='ocr_line' id='line_1_17' title="bbox 206 1546 1496 1596; baseline 0.001 -2"><span class='ocrx_word' id='word_1_98' title='bbox 206 1547 435 1596; x_wconf 90' lang='lat' dir='ltr'>Paeoniis</span> <span class='ocrx_word' id='word_1_99' title='bbox 473 1556 759 1596; x_wconf 91' lang='lat' dir='ltr'>revocatum</span> <span class='ocrx_word' id='word_1_100' title='bbox 795 1547 961 1596; x_wconf 90' lang='lat' dir='ltr'>herbis</span> <span class='ocrx_word' id='word_1_101' title='bbox 999 1556 1047 1595; x_wconf 88' lang='lat' dir='ltr'>et</span> <span class='ocrx_word' id='word_1_102' title='bbox 1083 1564 1252 1596; x_wconf 90' lang='lat' dir='ltr'>amore</span> <span class='ocrx_word' id='word_1_103' title='bbox 1291 1546 1496 1595; x_wconf 91' lang='lat' dir='ltr'>Dianae.</span> 
     </span>
     <span class='ocr_line' id='line_1_18' title="bbox 205 1626 1886 1692; baseline -0.001 -15"><span class='ocrx_word' id='word_1_104' title='bbox 205 1638 311 1677; x_wconf 91' lang='lat' dir='ltr'>tum</span> <span class='ocrx_word' id='word_1_105' title='bbox 347 1637 486 1692; x_wconf 90' lang='lat' dir='ltr'>pater</span> <span class='ocrx_word' id='word_1_106' title='bbox 522 1628 842 1692; x_wconf 89' lang='lat' dir='ltr'>omnipotens</span> <span class='ocrx_word' id='word_1_107' title='bbox 878 1627 1096 1692; x_wconf 90' lang='lat' dir='ltr'>aliquem</span> <span class='ocrx_word' id='word_1_108' title='bbox 1132 1627 1417 1691; x_wconf 88' lang='lat' dir='ltr'>indignatus</span> <span class='ocrx_word' id='word_1_109' title='bbox 1455 1627 1520 1676; x_wconf 91' lang='lat' dir='ltr'>ab</span> <span class='ocrx_word' id='word_1_110' title='bbox 1557 1626 1746 1676; x_wconf 90' lang='lat' dir='ltr'>umbris</span> <span class='ocrx_word' id='word_1_111' title='bbox 1809 1644 1886 1689; x_wconf 87' lang='lat'>770</span> 
     </span>
     <span class='ocr_line' id='line_1_19' title="bbox 206 1709 1439 1773; baseline 0 -16"><span class='ocrx_word' id='word_1_112' title='bbox 206 1712 465 1759; x_wconf 89' lang='lat' dir='ltr'>mortalem</span> <span class='ocrx_word' id='word_1_113' title='bbox 501 1709 704 1758; x_wconf 89' lang='lat' dir='ltr'>infernis</span> <span class='ocrx_word' id='word_1_114' title='bbox 741 1711 806 1759; x_wconf 93' lang='lat' dir='ltr'>ad</span> <span class='ocrx_word' id='word_1_115' title='bbox 841 1709 1031 1758; x_wconf 92' lang='lat' dir='ltr'>lumina</span> <span class='ocrx_word' id='word_1_116' title='bbox 1067 1726 1262 1773; x_wconf 89' lang='lat' dir='ltr'>surgere</span> <span class='ocrx_word' id='word_1_117' title='bbox 1297 1709 1439 1769; x_wconf 88' lang='lat' dir='ltr'>vitae,</span> 
     </span>
     <span class='ocr_line' id='line_1_20' title="bbox 204 1791 1346 1856; baseline 0 -16"><span class='ocrx_word' id='word_1_118' title='bbox 204 1791 309 1855; x_wconf 88' lang='lat' dir='ltr'>ipse</span> <span class='ocrx_word' id='word_1_119' title='bbox 346 1801 647 1856; x_wconf 91' lang='lat' dir='ltr'>repertorem</span> <span class='ocrx_word' id='word_1_120' title='bbox 684 1792 964 1841; x_wconf 88' lang='lat' dir='ltr'>medicinae</span> <span class='ocrx_word' id='word_1_121' title='bbox 1001 1792 1110 1841; x_wconf 89' lang='lat' dir='ltr'>talis</span> <span class='ocrx_word' id='word_1_122' title='bbox 1148 1801 1196 1841; x_wconf 91' lang='lat' dir='ltr'>et</span> <span class='ocrx_word' id='word_1_123' title='bbox 1231 1792 1346 1840; x_wconf 90' lang='lat' dir='ltr'>artis</span> 
     </span>
     <span class='ocr_line' id='line_1_21' title="bbox 204 1872 1606 1937; baseline 0.001 -16"><span class='ocrx_word' id='word_1_124' title='bbox 204 1872 411 1923; x_wconf 88' lang='lat' dir='ltr'>fulmine</span> <span class='ocrx_word' id='word_1_125' title='bbox 449 1873 824 1937; x_wconf 89' lang='lat' dir='ltr'>Phoebigenam</span> <span class='ocrx_word' id='word_1_126' title='bbox 861 1873 1052 1936; x_wconf 90' lang='lat' dir='ltr'>Stygias</span> <span class='ocrx_word' id='word_1_127' title='bbox 1090 1873 1297 1923; x_wconf 88' lang='lat' dir='ltr'>detrusit</span> <span class='ocrx_word' id='word_1_128' title='bbox 1333 1875 1398 1922; x_wconf 91' lang='lat' dir='ltr'>ad</span> <span class='ocrx_word' id='word_1_129' title='bbox 1434 1874 1606 1922; x_wconf 86' lang='lat' dir='ltr'>undas.</span> 
     </span>
     <span class='ocr_line' id='line_1_22' title="bbox 202 1955 1493 2020; baseline 0.001 -17"><span class='ocrx_word' id='word_1_130' title='bbox 202 1964 253 2003; x_wconf 87' lang='lat' dir='ltr'>at</span> <span class='ocrx_word' id='word_1_131' title='bbox 289 1955 455 2004; x_wconf 88' lang='lat' dir='ltr'>Trivia</span> <span class='ocrx_word' id='word_1_132' title='bbox 493 1955 829 2020; x_wconf 88' lang='lat' dir='ltr'>Hippolytum</span> <span class='ocrx_word' id='word_1_133' title='bbox 866 1955 1064 2005; x_wconf 88' lang='lat' dir='ltr'>secretis</span> <span class='ocrx_word' id='word_1_134' title='bbox 1100 1958 1232 2004; x_wconf 90' lang='lat' dir='ltr'>alma</span> <span class='ocrx_word' id='word_1_135' title='bbox 1267 1956 1493 2005; x_wconf 91' lang='lat' dir='ltr'>recondit</span> 
     </span>
     <span class='ocr_line' id='line_1_23' title="bbox 203 2037 1879 2102; baseline 0 -16"><span class='ocrx_word' id='word_1_136' title='bbox 203 2037 405 2086; x_wconf 89' lang='lat' dir='ltr'>sedibus</span> <span class='ocrx_word' id='word_1_137' title='bbox 443 2046 491 2086; x_wconf 89' lang='lat' dir='ltr'>et</span> <span class='ocrx_word' id='word_1_138' title='bbox 528 2040 778 2102; x_wconf 88' lang='lat' dir='ltr'>nymphae</span> <span class='ocrx_word' id='word_1_139' title='bbox 816 2038 1022 2101; x_wconf 91' lang='lat' dir='ltr'>Egeriae</span> <span class='ocrx_word' id='word_1_140' title='bbox 1059 2037 1352 2101; x_wconf 91' lang='lat' dir='ltr'>nemorique</span> <span class='ocrx_word' id='word_1_141' title='bbox 1387 2040 1583 2101; x_wconf 90' lang='lat' dir='ltr'>relegat,</span> <span class='ocrx_word' id='word_1_142' title='bbox 1803 2054 1879 2098; x_wconf 85' lang='lat'>775</span> 
     </span>
     <span class='ocr_line' id='line_1_24' title="bbox 204 2121 1377 2185; baseline 0 -15"><span class='ocrx_word' id='word_1_143' title='bbox 204 2123 337 2170; x_wconf 90' lang='lat' dir='ltr'>solus</span> <span class='ocrx_word' id='word_1_144' title='bbox 375 2121 461 2170; x_wconf 90' lang='lat' dir='ltr'>ubi</span> <span class='ocrx_word' id='word_1_145' title='bbox 497 2121 548 2170; x_wconf 94' lang='lat' dir='ltr'>in</span> <span class='ocrx_word' id='word_1_146' title='bbox 586 2122 718 2171; x_wconf 89' lang='lat' dir='ltr'>silvis</span> <span class='ocrx_word' id='word_1_147' title='bbox 757 2122 893 2171; x_wconf 90' lang='lat' dir='ltr'>Italis</span> <span class='ocrx_word' id='word_1_148' title='bbox 930 2122 1162 2185; x_wconf 91' lang='lat' dir='ltr'>ignobilis</span> <span class='ocrx_word' id='word_1_149' title='bbox 1199 2140 1377 2172; x_wconf 90' lang='lat' dir='ltr'>aevum</span> 
     </span>
     <span class='ocr_line' id='line_1_25' title="bbox 203 2203 1474 2268; baseline 0.001 -15"><span class='ocrx_word' id='word_1_150' title='bbox 203 2203 415 2267; x_wconf 89' lang='lat' dir='ltr'>exigeret</span> <span class='ocrx_word' id='word_1_151' title='bbox 451 2221 693 2268; x_wconf 90' lang='lat' dir='ltr'>versoque</span> <span class='ocrx_word' id='word_1_152' title='bbox 729 2205 816 2254; x_wconf 90' lang='lat' dir='ltr'>ubi</span> <span class='ocrx_word' id='word_1_153' title='bbox 852 2205 1058 2254; x_wconf 90' lang='lat' dir='ltr'>nomine</span> <span class='ocrx_word' id='word_1_154' title='bbox 1094 2205 1296 2254; x_wconf 90' lang='lat' dir='ltr'>Virbius</span> <span class='ocrx_word' id='word_1_155' title='bbox 1333 2215 1474 2255; x_wconf 88' lang='lat' dir='ltr'>esset.</span> 
     </span>
     <span class='ocr_line' id='line_1_26' title="bbox 202 2285 1479 2350; baseline 0.002 -17"><span class='ocrx_word' id='word_1_156' title='bbox 202 2287 337 2334; x_wconf 93' lang='lat' dir='ltr'>unde</span> <span class='ocrx_word' id='word_1_157' title='bbox 374 2285 523 2334; x_wconf 90' lang='lat' dir='ltr'>etiam</span> <span class='ocrx_word' id='word_1_158' title='bbox 560 2288 747 2350; x_wconf 89' lang='lat' dir='ltr'>templo</span> <span class='ocrx_word' id='word_1_159' title='bbox 784 2285 979 2335; x_wconf 89' lang='lat' dir='ltr'>Triviae</span> <span class='ocrx_word' id='word_1_160' title='bbox 1017 2286 1243 2350; x_wconf 90' lang='lat' dir='ltr'>lucisque</span> <span class='ocrx_word' id='word_1_161' title='bbox 1280 2287 1479 2336; x_wconf 87' lang='lat' dir='ltr'>sacratis</span> 
     </span>
     <span class='ocr_line' id='line_1_27' title="bbox 203 2366 1517 2432; baseline 0.001 -17"><span class='ocrx_word' id='word_1_162' title='bbox 203 2366 497 2430; x_wconf 90' lang='lat' dir='ltr'>cornipedes</span> <span class='ocrx_word' id='word_1_163' title='bbox 533 2377 761 2416; x_wconf 89' lang='lat' dir='ltr'>arcentur</span> <span class='ocrx_word' id='word_1_164' title='bbox 798 2368 926 2431; x_wconf 89' lang='lat' dir='ltr'>equi,</span> <span class='ocrx_word' id='word_1_165' title='bbox 969 2371 1106 2432; x_wconf 92' lang='lat' dir='ltr'>quod</span> <span class='ocrx_word' id='word_1_166' title='bbox 1143 2369 1284 2418; x_wconf 90' lang='lat' dir='ltr'>litore</span> <span class='ocrx_word' id='word_1_167' title='bbox 1320 2386 1517 2418; x_wconf 90' lang='lat' dir='ltr'>currum</span> 
     </span>
     <span class='ocr_line' id='line_1_28' title="bbox 202 2448 1881 2512; baseline 0.002 -16"><span class='ocrx_word' id='word_1_168' title='bbox 202 2457 250 2497; x_wconf 92' lang='lat' dir='ltr'>et</span> <span class='ocrx_word' id='word_1_169' title='bbox 286 2448 517 2497; x_wconf 89' lang='lat' dir='ltr'>iuvenem</span> <span class='ocrx_word' id='word_1_170' title='bbox 554 2449 786 2498; x_wconf 90' lang='lat' dir='ltr'>monstris</span> <span class='ocrx_word' id='word_1_171' title='bbox 825 2449 992 2512; x_wconf 90' lang='lat' dir='ltr'>pavidi</span> <span class='ocrx_word' id='word_1_172' title='bbox 1031 2452 1248 2499; x_wconf 87' lang='lat' dir='ltr'>effudere</span> <span class='ocrx_word' id='word_1_173' title='bbox 1285 2450 1498 2499; x_wconf 90' lang='lat' dir='ltr'>marinis.</span> <span class='ocrx_word' id='word_1_174' title='bbox 1802 2460 1881 2512; x_wconf 84' lang='lat'>780</span> 
     </span>
     <span class='ocr_line' id='line_1_29' title="bbox 201 2530 1398 2595; baseline 0.001 -17"><span class='ocrx_word' id='word_1_175' title='bbox 201 2530 329 2579; x_wconf 89' lang='lat' dir='ltr'>filius</span> <span class='ocrx_word' id='word_1_176' title='bbox 367 2531 584 2579; x_wconf 90' lang='lat' dir='ltr'>ardentis</span> <span class='ocrx_word' id='word_1_177' title='bbox 621 2533 757 2580; x_wconf 92' lang='lat' dir='ltr'>haud</span> <span class='ocrx_word' id='word_1_178' title='bbox 795 2531 945 2580; x_wconf 90' lang='lat' dir='ltr'>setius</span> <span class='ocrx_word' id='word_1_179' title='bbox 982 2549 1198 2595; x_wconf 91' lang='lat' dir='ltr'>aequore</span> <span class='ocrx_word' id='word_1_180' title='bbox 1234 2532 1398 2595; x_wconf 88' lang='lat' dir='ltr'>campi</span> 
     </span>
     <span class='ocr_line' id='line_1_30' title="bbox 202 2612 1410 2676; baseline 0.001 -17"><span class='ocrx_word' id='word_1_181' title='bbox 202 2612 460 2660; x_wconf 89' lang='lat' dir='ltr'>exercebat</span> <span class='ocrx_word' id='word_1_182' title='bbox 497 2629 652 2675; x_wconf 93' lang='lat' dir='ltr'>equos</span> <span class='ocrx_word' id='word_1_183' title='bbox 690 2630 934 2676; x_wconf 89' lang='lat' dir='ltr'>curruque</span> <span class='ocrx_word' id='word_1_184' title='bbox 969 2613 1022 2661; x_wconf 89' lang='lat' dir='ltr'>in</span> <span class='ocrx_word' id='word_1_185' title='bbox 1058 2614 1190 2662; x_wconf 90' lang='lat' dir='ltr'>bella</span> <span class='ocrx_word' id='word_1_186' title='bbox 1225 2614 1410 2662; x_wconf 90' lang='lat' dir='ltr'>ruebat.</span> 
     </span>
     <span class='ocr_line' id='line_1_31' title="bbox 272 2692 1555 2756; baseline 0.001 -16"><span class='ocrx_word' id='word_1_187' title='bbox 272 2695 387 2755; x_wconf 88' lang='lat' dir='ltr'>Ipse</span> <span class='ocrx_word' id='word_1_188' title='bbox 423 2692 549 2742; x_wconf 82' lang='lat' dir='ltr'>inter</span> <span class='ocrx_word' id='word_1_189' title='bbox 585 2693 770 2756; x_wconf 90' lang='lat' dir='ltr'>primos</span> <span class='ocrx_word' id='word_1_190' title='bbox 808 2693 1077 2756; x_wconf 90' lang='lat' dir='ltr'>praestanti</span> <span class='ocrx_word' id='word_1_191' title='bbox 1114 2710 1320 2756; x_wconf 92' lang='lat' dir='ltr'>corpore</span> <span class='ocrx_word' id='word_1_192' title='bbox 1356 2695 1555 2742; x_wconf 91' lang='lat' dir='ltr'>Turnus</span> 
     </span>
     <span class='ocr_line' id='line_1_32' title="bbox 201 2773 1534 2837; baseline 0.001 -16"><span class='ocrx_word' id='word_1_193' title='bbox 201 2773 401 2822; x_wconf 88' lang='lat' dir='ltr'>vertitur</span> <span class='ocrx_word' id='word_1_194' title='bbox 436 2791 571 2823; x_wconf 90' lang='lat' dir='ltr'>arma</span> <span class='ocrx_word' id='word_1_195' title='bbox 608 2784 783 2824; x_wconf 89' lang='lat' dir='ltr'>tenens</span> <span class='ocrx_word' id='word_1_196' title='bbox 821 2783 869 2823; x_wconf 89' lang='lat' dir='ltr'>et</span> <span class='ocrx_word' id='word_1_197' title='bbox 905 2783 1011 2823; x_wconf 89' lang='lat' dir='ltr'>toto</span> <span class='ocrx_word' id='word_1_198' title='bbox 1048 2774 1229 2823; x_wconf 91' lang='lat' dir='ltr'>vertice</span> <span class='ocrx_word' id='word_1_199' title='bbox 1266 2791 1413 2837; x_wconf 91' lang='lat' dir='ltr'>supra</span> <span class='ocrx_word' id='word_1_200' title='bbox 1449 2783 1534 2823; x_wconf 91' lang='lat' dir='ltr'>est.</span> 
     </span>
     <span class='ocr_line' id='line_1_33' title="bbox 257 2901 1874 2955; baseline -0.002 -11"><span class='ocrx_word' id='word_1_201' title='bbox 257 2907 446 2953; x_wconf 88' lang='lat'><strong>754-784</strong></span> <span class='ocrx_word' id='word_1_202' title='bbox 470 2904 601 2944; x_wconf 82' lang='lat' dir='ltr'>MPR</span> <span class='ocrx_word' id='word_1_203' title='bbox 879 2918 957 2955; x_wconf 85' lang='lat'>755</span> <span class='ocrx_word' id='word_1_204' title='bbox 990 2904 1096 2955; x_wconf 84' lang='lat' dir='ltr'>iras]</span> <span class='ocrx_word' id='word_1_205' title='bbox 1138 2906 1248 2943; x_wconf 87' lang='lat' dir='ltr'>feras</span> <span class='ocrx_word' id='word_1_206' title='bbox 1286 2904 1329 2942; x_wconf 92' lang='lat' dir='ltr'><em>P</em></span> <span class='ocrx_word' id='word_1_207' title='bbox 1504 2915 1581 2953; x_wconf 88' lang='lat'>757</span> <span class='ocrx_word' id='word_1_208' title='bbox 1613 2902 1676 2954; x_wconf 89' lang='lat' dir='ltr'>in]</span> <span class='ocrx_word' id='word_1_209' title='bbox 1717 2903 1770 2941; x_wconf 90' lang='lat' dir='ltr'>ad</span> <span class='ocrx_word' id='word_1_210' title='bbox 1806 2901 1874 2941; x_wconf 68' lang='grc' dir='ltr'>ΜΞ</span> 
     </span>
     <span class='ocr_line' id='line_1_34' title="bbox 200 2956 1875 3008; baseline 0 -13"><span class='ocrx_word' id='word_1_211' title='bbox 200 2958 377 2997; x_wconf 87' lang='lat' dir='ltr'>vulnere</span> <span class='ocrx_word' id='word_1_212' title='bbox 410 2958 559 2997; x_wconf 65' lang='lat' dir='ltr'>Mch1</span> <span class='ocrx_word' id='word_1_213' title='bbox 744 2961 821 3008; x_wconf 87' lang='lat'>758</span> <span class='ocrx_word' id='word_1_214' title='bbox 853 2960 896 2998; x_wconf 91' lang='lat' dir='ltr'>in</span> <span class='ocrx_word' id='word_1_215' title='bbox 930 2960 1145 2998; x_wconf 87' lang='lat' dir='ltr'>montibus</span> <span class='ocrx_word' id='word_1_216' title='bbox 1179 2958 1302 2997; x_wconf 77' lang='lat' dir='ltr'>M²bvr</span> <span class='ocrx_word' id='word_1_217' title='bbox 1478 2961 1557 3008; x_wconf 87' lang='lat'>769</span> <span class='ocrx_word' id='word_1_218' title='bbox 1589 2958 1772 2996; x_wconf 88' lang='lat' dir='ltr'>Paeonis</span> <span class='ocrx_word' id='word_1_219' title='bbox 1806 2956 1875 2995; x_wconf 71' lang='lat' dir='ltr'>Ml</span> 
     </span>
    </p>
   </div>
   <div class='ocr_carea' id='block_1_3' title="bbox 200 3011 1878 3119">
    <p class='ocr_par' dir='ltr' id='par_1_3' title="bbox 200 3011 1878 3119">
     <span class='ocr_line' id='line_1_35' title="bbox 202 3011 1875 3064; baseline 0 -13"><span class='ocrx_word' id='word_1_220' title='bbox 202 3023 280 3061; x_wconf 86' lang='lat'>773</span> <span class='ocrx_word' id='word_1_221' title='bbox 315 3013 636 3063; x_wconf 88' lang='lat' dir='ltr'>Phoebigenam</span> <span class='ocrx_word' id='word_1_222' title='bbox 675 3013 759 3064; x_wconf 75' lang='grc' dir='ltr'>ΡγῙ</span> <span class='ocrx_word' id='word_1_223' title='bbox 798 3014 961 3052; x_wconf 80' lang='lat' dir='ltr'>Probus</span> <span class='ocrx_word' id='word_1_224' title='bbox 1000 3018 1092 3052; x_wconf 81' lang='lat' dir='ltr'>teste</span> <span class='ocrx_word' id='word_1_225' title='bbox 1123 3013 1289 3052; x_wconf 75' lang='lat' dir='ltr'><em>Servio:</em></span> <span class='ocrx_word' id='word_1_226' title='bbox 1343 3013 1634 3062; x_wconf 89' lang='lat' dir='ltr'>Poenigenam</span> <span class='ocrx_word' id='word_1_227' title='bbox 1674 3011 1875 3064; x_wconf 68' lang='lat' dir='ltr'>MR7²bc²</span> 
     </span>
     <span class='ocr_line' id='line_1_36' title="bbox 200 3065 1878 3119; baseline 0 -13"><span class='ocrx_word' id='word_1_228' title='bbox 200 3065 315 3106; x_wconf 80' lang='lat' dir='ltr'><em>Serv.</em></span> <span class='ocrx_word' id='word_1_229' title='bbox 340 3068 413 3119; x_wconf 89' lang='lat' dir='ltr'>ad]</span> <span class='ocrx_word' id='word_1_230' title='bbox 436 3068 479 3105; x_wconf 89' lang='lat' dir='ltr'>in</span> <span class='ocrx_word' id='word_1_231' title='bbox 499 3067 643 3119; x_wconf 72' lang='lat' dir='ltr'>7²cm7r</span> <span class='ocrx_word' id='word_1_232' title='bbox 755 3069 882 3106; x_wconf 88' lang='lat' dir='ltr'>undis</span> <span class='ocrx_word' id='word_1_233' title='bbox 902 3067 963 3106; x_wconf 73' lang='lat'>12¹</span> <span class='ocrx_word' id='word_1_234' title='bbox 1875 3074 1878 3075; x_wconf 72' lang='grc'>’</span> 
     </span>
    </p>
   </div>
  </div>
 </body>
</html>
