2014 3372
1363 147 1725 197 AENEIDOS
1762 147 1870 197 XII

203 290 481 339 conclamat
514 286 802 353 primusque
835 285 1029 336 animos
1065 284 1295 335 accendit
1330 285 1382 333 in
1417 286 1625 334 hostem.

208 376 336 419 ‘non
371 372 496 419 haec
530 368 760 418 humanis
796 367 989 431 opibuS‚
1029 385 1132 417 non
1166 377 1270 417 arte
1306 366 1536 429 magistra

204 451 513 515 proveniunt,
552 467 716 513 neque
751 459 814 509 te,
852 452 1037 508 Aenea,
1078 466 1190 498 mea
1226 450 1424 497 dextera
1460 457 1650 496 servat:

203 532 359 581 maior
395 532 494 594 agit
528 533 652 580 deus
688 540 837 594 atque
874 547 1023 593 opera
1057 531 1122 579 ad
1159 529 1345 578 maiora
1378 527 1610 577 remittit.'

202 613 283 662 ille
318 612 490 661 avidus
527 628 722 675 pugnae
758 627 893 659 suras
929 610 1194 659 incluserat
1227 627 1347 659 auro
1791 628 1871 667 430

202 693 319 741 hinc
355 702 502 756 atque
539 692 655 741 hinc
691 692 896 755 oditque
932 708 1093 740 moras
1130 693 1423 754 hastamque
1458 699 1698 739 coruscat.

139 809 142 811 -
202 784 467 837 postquam
504 773 681 822 habilis
719 772 857 821 lateri
892 772 1079 836 clipeus
1119 771 1368 835 loricaque
1403 780 1541 834 tergo
1577 779 1664 830 est,

203 855 474 904 Ascanium
510 854 629 903 fusis
666 854 851 902 circum
888 852 1232 916 complectitur
1265 851 1413 901 armis

202 953 496 999 summaque
532 952 618 999 per
653 938 844 999 galeam
881 934 1107 984 delibans
1143 935 1314 983 oscula
1348 935 1503 982 fatur:

205 1016 382 1076 ‘disce,
421 1033 554 1079 puer,
594 1016 823 1065 virtutem
860 1033 920 1065 ex
954 1032 1035 1064 me
1069 1031 1341 1078 verumque
1376 1015 1612 1074 laborem,
1787 1033 1867 1074 435

202 1100 450 1146 fortunam
486 1115 546 1146 ex
579 1097 697 1146 aliis.
772 1114 906 1145 nunc
942 1106 991 1145 te
1027 1113 1139 1145 mea
1173 1098 1373 1145 dextera
1408 1096 1541 1144 bello

203 1181 465 1228 defensum
501 1178 639 1228 dabit
675 1188 724 1227 et
760 1195 939 1242 magna
973 1177 1099 1227 inter
1134 1177 1353 1240 praemia
1390 1178 1553 1226 ducet.

202 1269 256 1308 tu
291 1259 453 1318 facito,
494 1277 609 1309 mox
644 1277 759 1309 cum
795 1269 986 1308 matura
1019 1258 1289 1308 adoleverit
1324 1266 1471 1318 aetas,

202 1340 268 1389 sis
305 1357 495 1390 memor
530 1350 579 1389 et
614 1350 662 1390 te
697 1340 865 1390 animo
901 1349 1206 1403 repetentem
1242 1341 1468 1403 exempla
1503 1347 1700 1388 tuorum

201 1431 251 1470 et
286 1432 424 1485 pater
459 1425 655 1472 Aeneas
692 1433 740 1471 et
775 1424 1048 1471 avunculus
1085 1421 1262 1470 excitet
1299 1422 1520 1470 Hector.'
1788 1441 1870 1480 440

273 1505 418 1551 Haec
453 1503 539 1551 ubi
575 1503 708 1552 dicta
744 1503 896 1562 dedit,
937 1502 1091 1566 portis
1127 1519 1234 1550 sese
1271 1501 1442 1550 extulit
1477 1501 1650 1564 ingens

206 1587 359 1634 telum
396 1585 613 1634 immane
650 1602 801 1633 manu
839 1584 1065 1647 quatiens
1084 1603 1096 1644 ;
1133 1583 1279 1632 simul
1314 1582 1510 1645 agmine
1547 1584 1704 1631 denso

202 1667 529 1728 Antheusque
568 1667 964 1728 Mnestheusque
1000 1674 1163 1724 ruunt,
1201 1663 1463 1726 omnisque
1498 1662 1677 1712 relictis

202 1747 346 1795 turba
381 1746 486 1794 fluit
523 1746 703 1795 castris,
779 1756 886 1795 tum
922 1762 1072 1794 caeco
1108 1747 1308 1808 pulvere
1344 1760 1549 1806 campus

202 1827 435 1876 miscetur
470 1829 715 1890 pulsuque
752 1829 939 1890 pedum
977 1826 1140 1875 tremit
1175 1825 1332 1875 excita
1367 1827 1524 1874 tellus.
1789 1844 1867 1884 445

200 1908 323 1956 vidit
358 1909 421 1957 ab
457 1910 664 1957 adverso
701 1908 942 1957 venientis
977 1924 1151 1970 aggere
1187 1909 1398 1966 Turnus,

201 1989 367 2038 videre
403 1989 626 2048 Ausonii,
668 1989 959 2052 gelidusque
995 2006 1082 2051 per
1116 1988 1216 2036 ima
1251 1987 1463 2036 cucurrit

201 2086 313 2118 ossa
349 2079 562 2131 tremor3
609 2070 767 2134 prima
803 2080 918 2118 ante
954 2069 1115 2118 omnis
1154 2071 1360 2117 Iuturna
1395 2067 1599 2116 Latinos

198 2150 356 2199 audiit
392 2152 689 2215 agnovitque
730 2169 909 2201 sonum
946 2159 995 2199 et
1031 2151 1316 2199 tremefacta
1350 2147 1538 2210 refugit.

201 2231 282 2280 ille
317 2234 448 2281 volat
485 2250 763 2296 campoque
801 2243 961 2282 atrum
997 2231 1122 2295 rapit
1156 2247 1334 2294 agmen
1370 2238 1553 2292 aperto.
1786 2246 1869 2287 450

201 2313 359 2376 qualis
396 2315 481 2363 ubi
517 2317 581 2365 ad
619 2325 767 2365 terras
805 2317 1017 2378 abrupto
1053 2313 1212 2362 sidere
1247 2310 1447 2359 nimbus

202 2394 239 2442 it
275 2414 407 2446 mare
443 2415 530 2460 per
567 2399 788 2448 medium
827 2396 1049 2462 (miseris,
1090 2398 1201 2454 heu,
1241 2391 1460 2456 praescia
1494 2392 1640 2454 longe

202 2479 492 2527 horrescunt
528 2481 679 2528 corda
714 2478 966 2542 agricolis:
1004 2477 1143 2526 dabit
1178 2475 1259 2523 ille
1295 2472 1458 2521 ruinas

201 2559 457 2608 arboribus
494 2569 803 2623 stragemque
839 2559 967 2619 satis,
1007 2567 1115 2607 ruet
1150 2555 1318 2606 omnia
1352 2552 1483 2616 late),
1548 2566 1551 2569 ·

202 2647 316 2686 ante
352 2641 520 2688 volant
556 2639 873 2702 sonitumque
908 2641 1069 2688 ferunt
1104 2639 1170 2687 ad
1205 2637 1347 2685 litora
1381 2632 1546 2682 venti:
1784 2646 1865 2692 455

203 2718 311 2766 talis
347 2718 398 2766 in
434 2720 666 2769 adversos
702 2722 879 2769 ductor
915 2718 1189 2768 Rhoeteius
1225 2716 1379 2767 hostis

258 2848 448 2895 426-455
480 2845 637 2897 MPR3
678 2848 759 2897 456
786 2845 960 2885 MPRV
1224 2845 1304 2894 428
1330 2843 1523 2890 Aenean,
1549 2841 1702 2879 omes-so
1722 2845 1776 2888 te,
1800 2839 1866 2877 Μι

205 2913 284 2949 444
314 2901 425 2952 fluit]
449 2902 531 2940 ruit
551 2900 593 2938 P
732 2913 813 2951 449
841 2899 1149 2950 adgnoscitque
1168 2899 1211 2938 P
1343 2909 1423 2948 454
1455 2897 1537 2935 ruit
1557 2894 1648 2933 Mb¹
1786 2905 1866 2943 455

204 2953 354 2993 volans
375 2954 572 3006 ΜΡΞὟΙΙ)1
