2014 3372
1369 164 1731 214 AENEIDOS
1768 162 1873 209 XII

219 313 339 376 quid
374 313 555 362 struis?
600 321 685 362 aut
721 329 819 376 qua
853 329 942 377 spe
977 310 1151 375 gelidis
1188 310 1239 359 in
1277 308 1493 358 nubibus
1531 308 1741 355 haeres?

218 395 445 442 mortalin
483 395 650 443 decuit
686 393 854 442 violari
890 395 1090 442 vulnere
1126 393 1337 442 divum?

217 484 300 523 aut
336 492 505 523 ensem
543 475 685 540 (quid
722 475 854 523 enim
890 474 996 522 sine
1031 484 1080 522 te
1118 476 1323 522 Iuturna
1356 474 1538 520 valeret
1558 470 1598 534 ?)

217 565 440 618 ereptum
476 555 616 605 reddi
652 558 822 604 Turno
859 565 908 604 et
942 555 1041 602 vim
1078 571 1295 603 crescere
1330 552 1507 601 victis?

218 635 388 684 desine
424 636 522 685 iam
557 639 760 686 tandem
795 636 1124 699 precibusque
1159 635 1409 683 inflectere
1444 632 1636 690 nostris,
1796 639 1878 678 800

218 736 281 767 ne
316 729 365 768 te
399 729 563 768 tantus
600 719 702 769 edit
736 719 934 768 tacitam
971 722 1114 769 dolor
1148 729 1197 768 et
1232 719 1354 767 mihi
1389 735 1535 767 curae

219 819 365 865 saepe
400 813 486 852 tuo
523 803 656 852 dulci
692 803 851 852 tristes
887 822 946 852 ex
981 821 1065 853 ore
1100 813 1363 853 recursent.

218 894 420 932 ventum
455 886 520 934 ad
556 902 840 949 supremum
877 895 962 934 est.
1036 886 1171 935 terris
1208 886 1389 948 agitare
1424 887 1501 933 vel
1537 883 1684 932 undis

219 964 460 1013 Troianos
496 965 711 1028 potuisti,
751 965 1011 1014 infandum
1046 969 1319 1015 accendere
1354 966 1554 1024 bellurn,

219 1045 494 1094 deformare
530 1048 736 1094 domum
773 1056 821 1095 et
857 1049 992 1095 luctu
1028 1047 1232 1096 miscere
1268 1048 1601 1109 hymenaeos:
1797 1053 1876 1103 805

219 1124 419 1173 ulterius
455 1135 694 1189 temptare
729 1129 872 1176 veto.'
943 1127 1012 1176 sic
1050 1127 1271 1191 Iuppiter
1306 1144 1443 1177 orsus
1460 1145 1475 1187 3

220 1205 289 1253 sic
324 1207 419 1254 dea
454 1207 716 1256 summisso
753 1218 923 1257 contra
960 1209 1184 1258 Saturnia
1217 1211 1384 1258 vultu:

223 1286 341 1335 ‘ista
376 1287 577 1350 quidem
615 1288 730 1352 quia
765 1299 883 1338 nota
917 1289 1039 1337 mihi
1074 1299 1170 1350 tua,
1210 1307 1402 1353 magne,
1439 1292 1680 1348 voluntas,

222 1369 456 1432 Iuppiter,
495 1378 544 1418 et
579 1371 804 1418 Turnum
841 1380 889 1419 et
925 1379 1072 1419 terras
1109 1370 1260 1419 invita
1295 1370 1468 1433 reliqui
1483 1389 1498 1431 3

221 1467 313 1507 nec
348 1460 401 1499 tu
438 1468 519 1500 me
553 1452 683 1500 aeria
720 1455 875 1501 solam
913 1470 1047 1502 nunc
1083 1455 1201 1503 sede
1237 1452 1428 1502 videres
1800 1459 1880 1498 810

220 1530 369 1593 digna
404 1531 607 1595 indigna
641 1533 756 1596 pati,
796 1536 884 1582 sed
919 1534 1129 1582 flammis
1166 1534 1327 1583 cincta
1363 1534 1456 1582 sub
1490 1533 1596 1596 ipsa

220 1621 398 1660 starem
434 1613 539 1661 acie
575 1616 916 1677 traheremque
951 1615 1150 1664 inimica
1185 1615 1235 1663 in
1271 1615 1456 1679 proelia
1491 1616 1724 1663 Teucros,

222 1694 478 1742 Iuturnam
515 1693 693 1743 misero
731 1695 926 1760 (fateor)
964 1712 1242 1745 succurrere
1278 1695 1410 1744 fratri

220 1773 350 1821 suasi
386 1783 434 1822 et
469 1791 558 1837 pro
593 1775 693 1823 vita
728 1775 914 1825 maiora
947 1778 1130 1826 audere
1165 1776 1383 1839 probavi,

219 1870 321 1902 non
358 1864 412 1903 ut
447 1858 543 1904 tela
579 1865 757 1916 tamen,
799 1874 900 1906 non
936 1867 990 1905 ut
1025 1859 1346 1906 contenderet
1380 1873 1547 1905 arcum
1565 1875 1579 1916 3
1798 1866 1876 1914 815

220 1936 392 1985 adiuro
429 1937 579 2000 Stygii
616 1948 762 2001 caput
798 1938 1109 2002 implacabile
1144 1939 1306 1998 fontis,

221 2033 319 2063 una
355 2019 635 2080 superstitio
672 2020 859 2082 superis
897 2037 1023 2083 quae
1059 2020 1251 2069 reddita
1288 2020 1425 2069 divis.

221 2106 268 2145 et
304 2114 436 2146 nunc
474 2101 599 2148 cedo
636 2100 868 2163 equidem
905 2117 1194 2164 pugnasque
1230 2118 1378 2150 exosa
1412 2101 1649 2163 relinquo.

220 2176 340 2226 illud
376 2187 424 2226 te
460 2181 594 2228 nulla
628 2180 714 2228 fati
751 2182 888 2243 quod
923 2183 1030 2245 lege
1065 2191 1270 2241 tenetur,

219 2273 307 2319 pro
345 2258 486 2307 Latio
523 2261 756 2320 obtestor,
796 2278 885 2324 pro
922 2261 1174 2310 maiestate
1209 2271 1435 2311 tuorum:
1798 2271 1878 2308 820

219 2354 333 2386 cum
369 2339 466 2387 iam
504 2341 729 2390 conubiis
766 2359 939 2404 pacem
976 2341 1199 2390 felicibus
1237 2342 1384 2407 (esto)

220 2431 534 2482 component,
575 2439 689 2470 cum
727 2423 824 2471 iam
861 2426 991 2486 leges
1028 2433 1075 2471 et
1111 2425 1310 2472 foedera
1345 2423 1560 2487 iungent,

221 2517 284 2548 ne
319 2511 458 2549 vetus
495 2502 750 2567 indigenas
789 2521 973 2553 nomen
1011 2514 1199 2553 mutare
1235 2505 1438 2554 Latinos

219 2598 316 2630 neu
352 2584 508 2631 Troas
545 2585 647 2633 fieri
684 2584 853 2634 iubeas
890 2588 1209 2649 Teucrosque
1244 2586 1407 2635 vocari

218 2671 302 2710 aut
338 2680 511 2713 vocem
549 2676 737 2715 mutare
773 2666 900 2715 viros
936 2677 1020 2716 aut
1055 2676 1240 2716 vertere
1274 2676 1473 2716 vestem.
1796 2676 1873 2727 825

272 2801 458 2851 796-825
488 2800 577 2838 MP
793 2801 869 2840 801
904 2800 1050 2839 niP1:
1093 2813 1171 2840 nec
1200 2800 1246 2838 bc
1406 2802 1494 2840 edit
1520 2801 1619 2852 ΡῚὙ1
1654 2801 1874 2842 Diomedes

215 2853 328 2893 Serv.
355 2856 396 2892 in
427 2859 564 2893 textu:
607 2854 704 2893 edat
739 2854 943 2903 MP272bc
972 2853 1084 2893 Serv.
1113 2856 1156 2892 in
1192 2854 1384 2893 lemmate
1560 2857 1639 2893 802
1670 2861 1871 2894 recusent

217 2907 327 2947 M¹cl
503 2909 584 2957 809
616 2908 810 2957 relinquo
831 2908 892 2946 Ρ2
1071 2909 1147 2947 811
1182 2910 1315 2958 ipsam
1337 2908 1390 2947 M
1562 2911 1639 2947 812
1669 2910 1802 2948 aciem
1824 2907 1872 2946 M

217 2963 296 3010 824
324 2961 566 3001 Teucrosve
586 2962 654 3012 Ργ
818 2963 896 3010 825
927 2967 1071 3001 vestes
1092 2962 1180 3013 P-yc
