2014 3372
1304 148 1664 196 AENEIDOS
1700 147 1805 196 VII

140 292 364 356 exiguam
401 291 451 339 in
489 292 721 341 Cererem
757 289 964 354 penuria
998 289 1165 353 adegit
1203 288 1400 348 edendi,

140 384 188 423 et
223 373 404 422 violare
440 390 592 421 manu
628 371 869 434 malisque
904 371 1178 420 audacibus
1215 372 1386 420 orbem

138 455 297 504 fatalis
334 453 482 503 crusti
517 452 695 517 patulis
732 469 825 501 nec
861 469 1060 515 parcere
1096 451 1323 515 quadris:
1731 469 1806 508 115

142 538 153 559 ‘
172 535 310 593 heus,
350 533 508 587 etiam,
535 549 730 580 mensas
767 530 1134 580 consumimus'
1170 530 1330 593 inquit
1367 532 1519 590 Iulus,

139 632 231 664 nec
267 618 421 678 plura,
459 615 715 664 adludens.
790 631 848 662 ea
883 630 979 662 vox
1012 613 1181 661 audita
1216 612 1442 660 laborum

138 697 297 760 prima
334 696 444 745 tulit
481 698 645 756 finem,
685 695 995 759 primamque
1031 693 1280 758 loquentis
1316 693 1379 742 ab
1417 709 1501 741 ore

139 777 315 840 eripuit
351 787 489 840 pater
523 793 582 825 ac
619 778 922 840 stupefactus
960 775 1166 824 numine
1202 774 1390 838 pressit.

138 858 378 908 continuo
419 859 578 906 ‘salve
614 857 724 905 fatis
762 856 883 904 mihi
920 856 1090 905 debita
1125 858 1270 905 tellus
1734 873 1810 901 120

137 941 344 1002 vosque’
381 939 448 987 ait
488 943 548 987 ‘o
585 938 672 986 fidi
708 937 887 987 Troiae
924 939 1108 985 salvete
1143 946 1382 1000 penates:

138 1020 219 1069 hic
256 1022 450 1080 domus,
489 1022 612 1068 haec
648 1019 803 1083 patria
839 1029 925 1067 est.
999 1018 1191 1082 genitor
1225 1017 1348 1065 mihi
1386 1016 1502 1065 talia
1537 1032 1754 1078 namque

139 1100 295 1166 (nunc
332 1100 523 1165 repeto)
561 1100 806 1149 Anchises
843 1102 1056 1148 fatorum
1093 1116 1270 1148 arcana
1306 1097 1534 1160 reliquit:

143 1187 170 1208 “
188 1199 302 1230 cum
339 1192 401 1241 te,
440 1191 567 1241 nate,
608 1183 763 1229 fames
799 1181 969 1244 ignota
1003 1182 1068 1229 ad
1103 1180 1246 1229 litora
1281 1189 1480 1228 vectum

138 1263 311 1312 accisis
348 1273 492 1326 coget
528 1262 741 1325 dapibus
778 1279 1071 1311 consumere
1109 1278 1319 1320 mensas,
1734 1279 1809 1318 125

139 1355 246 1393 tum
283 1361 476 1407 sperare
512 1346 691 1393 domos
727 1345 964 1403 defessus,
1002 1343 1172 1406 ibique
1208 1351 1462 1391 memento

139 1425 296 1489 prima
331 1428 493 1474 locare
529 1442 680 1473 manu
716 1424 977 1488 molirique
1011 1441 1186 1488 aggere
1222 1426 1394 1472 tecta.''

140 1508 264 1555 haec
301 1515 402 1555 erat
437 1505 520 1554 illa
555 1507 723 1565 fames,
763 1508 888 1554 haec
923 1522 1016 1554 nos
1052 1521 1283 1568 suprema
1318 1504 1552 1553 manebat

140 1585 296 1635 exitiis
331 1586 551 1650 positura
585 1588 807 1635 modum.

140 1685 291 1730 quare
326 1668 453 1731 agite
490 1677 538 1716 et
573 1667 734 1730 primo
770 1667 886 1715 laeti
921 1684 1037 1715 cum
1072 1666 1261 1731 lumine
1297 1665 1414 1715 solis
1736 1685 1812 1724 130

141 1767 268 1812 quae
303 1751 425 1809 loca,
464 1749 609 1812 quive
644 1749 862 1796 habeant
897 1748 1140 1807 homines,
1178 1747 1266 1796 ubi
1302 1747 1501 1796 moenia
1534 1746 1705 1810 gentis,

141 1831 441 1895 vestigemus
478 1840 526 1879 et
561 1848 591 1879 a
626 1840 771 1893 portu
807 1830 1001 1879 diversa
1035 1839 1275 1894 petamus.

141 1930 274 1961 nunc
310 1922 501 1975 pateras
538 1911 689 1960 libate
727 1911 837 1960 Iovi
872 1911 1203 1974 precibusque
1237 1920 1412 1960 vocate

141 1992 395 2041 Anchisen
431 1992 719 2055 genitorem,
758 2002 807 2041 et
841 1992 957 2040 vina
991 1992 1216 2055 reponite
1252 1992 1466 2040 mensis.’

210 2075 289 2124 Sic
326 2074 509 2123 deinde
547 2076 720 2122 effatus
757 2073 1007 2122 frondenti
1043 2082 1267 2136 tempora
1302 2090 1439 2121 ramo
1734 2094 1808 2134 135

140 2158 361 2220 implicat
397 2167 445 2206 et
480 2157 782 2220 geniumque
818 2156 915 2205 loci
950 2156 1259 2219 primamque
1295 2158 1502 2205 deorum

141 2241 391 2287 Tellurem
430 2240 789 2301 Nymphasque
825 2247 874 2287 et
910 2239 1076 2286 adhuc
1111 2238 1280 2300 ignota
1314 2246 1539 2300 precatur

141 2319 358 2380 flumina,
397 2329 504 2368 tum
541 2321 755 2368 Noctem
792 2318 1069 2381 Noctisque
1105 2318 1311 2367 orientia
1346 2318 1484 2380 signa

143 2403 452 2463 Idaeumque
491 2403 664 2449 Iovem
701 2400 1064 2464 Phrygiamque
1099 2417 1158 2448 ex
1194 2398 1367 2448 ordine
1402 2408 1609 2447 matrem

141 2482 350 2542 invocat,
392 2491 441 2530 et
477 2481 688 2544 duplicis
725 2483 964 2543 caeloque
1001 2481 1265 2543 Ereboque
1299 2479 1527 2543 parentis.
1731 2499 1809 2540 140

141 2562 222 2610 hic
259 2572 396 2625 pater
434 2561 752 2624 omnipotens
790 2570 862 2610 ter
898 2563 1036 2609 caelo
1073 2563 1229 2609 clarus
1265 2561 1329 2609 ab
1364 2562 1466 2608 alto

141 2644 368 2703 intonuit,
407 2644 655 2706 radiisque
691 2644 946 2692 ardentem
982 2641 1105 2690 lucis
1141 2651 1190 2690 et
1223 2658 1341 2690 auro

141 2723 246 2786 ipse
282 2741 433 2772 manu
470 2724 696 2787 quatiens
733 2723 952 2772 ostendit
986 2723 1050 2771 ab
1085 2723 1283 2770 aethere
1318 2722 1518 2770 nubem.

142 2804 326 2853 diditur
360 2804 441 2853 hic
478 2804 643 2853 subito
680 2803 895 2852 Troiana
930 2820 1016 2867 per
1050 2802 1247 2865 agmina
1282 2818 1448 2850 rumor

202 2948 385 2984 113—144
405 2934 535 2973 MPR
741 2945 815 2982 125
847 2932 1030 2972 ambesis
1049 2931 1091 2968 R
1108 2945 1117 2969 z
1146 2930 1301 2970 ancisis
1319 2930 1515 2981 Ladewzg
1638 2943 1715 2980 129
1735 2944 1803 2969 ex-

142 2988 227 3027 iliis
248 2989 367 3028 codex
388 2989 617 3038 Gothanus,
630 2988 814 3039 probant
835 2986 1065 3025 Burmann
1084 2985 1253 3027 Ribbeck
1391 2997 1468 3034 143
1498 2996 1666 3023 manum
1686 2984 1752 3023 M'l

1627 3058 1704 3099 18*
