2014 3372
198 142 252 188 P.
295 141 596 190 VERGILI
637 142 964 191 MARONIS

197 281 442 331 invadunt
478 283 654 331 urbem
691 299 871 330 somno
907 281 1125 345 vinoque
1162 284 1440 346 sepultam3
1694 335 1697 338 Α
1801 290 1879 345 265

201 365 478 413 caeduntur
513 363 695 426 vigiles,
735 362 992 426 portisque
1028 363 1313 427 patentibus
1351 363 1514 413 omnis

198 445 451 509 accipiunt
489 445 651 494 socios
688 454 839 509 atque
875 446 1072 509 agmina
1109 445 1310 495 conscia
1347 446 1570 509 iungunt.

267 531 490 592 Tempus
529 537 631 576 erat
668 545 769 591 quo
805 528 963 591 prima
999 528 1139 591 quies
1177 528 1468 577 mortalibus
1504 529 1660 593 aegris

199 610 373 674 incipit
409 621 457 660 et
494 613 631 661 dono
669 610 841 660 divum
877 610 1151 674 gratissima
1188 610 1349 674 serpit.

198 692 250 741 in
288 693 488 752 somnis,
530 710 661 753 ecce,
701 702 818 741 ante
854 695 1027 741 oculos
1065 693 1421 742 maestissimus
1461 696 1655 743 Hector
1801 711 1882 755 270

197 775 330 824 visus
367 777 543 824 adesse
581 775 704 823 mihi
740 778 1002 839 largosque
1039 778 1294 828 effundere
1331 778 1488 837 fletus,

199 867 418 921 raptatus
457 858 581 921 bigis
619 868 674 907 ut
711 860 983 922 quondam,
1023 868 1227 922 aterque
1264 869 1471 908 cruento

196 943 399 1004 pulvere
435 958 623 1004 perque
659 943 814 1004 pedes
852 941 1082 989 traiectus
1121 943 1225 990 lora
1261 941 1511 990 tumentis.

198 1023 243 1072 ei
281 1023 417 1084 mihi,
459 1023 617 1087 qualis
655 1033 771 1084 erat,
812 1033 1055 1087 quantum
1093 1033 1311 1072 mutatus
1348 1025 1411 1073 ab
1450 1023 1535 1073 illo

199 1108 422 1155 Hectore
460 1106 545 1169 qui
582 1106 708 1156 redit
745 1107 942 1156 exuvias
980 1107 1183 1155 indutus
1219 1106 1418 1167 Achilli,
1800 1126 1877 1169 275,

196 1189 274 1235 vel
314 1190 547 1236 Danaum
586 1187 824 1250 Phrygios
861 1187 1102 1236 iaculatus
1139 1187 1391 1251 puppibus
1428 1187 1553 1252 ignis
1571 1207 1584 1250 ;

198 1272 510 1332 squalentem
548 1270 754 1318 barbam
792 1279 840 1318 et
878 1279 1137 1318 concretos
1177 1269 1415 1334 sanguine
1453 1270 1600 1319 crinis

197 1353 501 1414 vulneraque
538 1351 620 1399 illa
656 1368 844 1415 gerens,
886 1368 1014 1414 quae
1052 1352 1237 1400 circum
1275 1351 1486 1414 plurima
1523 1369 1690 1402 muros

196 1432 389 1495 accepit
426 1431 623 1495 patrios.
699 1434 827 1481 ultro
864 1435 988 1481 flens
1025 1433 1131 1496 ipse
1168 1433 1372 1482 videbar

198 1515 498 1576 compellare
534 1513 694 1562 virum
732 1523 781 1562 et
817 1523 1030 1563 maestas
1069 1531 1357 1577 expromere
1394 1532 1573 1564 voces:
1800 1525 1880 1564 280

198 1599 258 1644 ‘o
296 1597 379 1643 lux
417 1595 714 1655 Dardaniae,
756 1612 869 1659 spes
907 1613 938 1644 o
975 1595 1216 1645 fidissima
1254 1599 1520 1657 Teucrum,
1804 1592 1807 1594 ’

197 1695 325 1741 quae
362 1687 529 1726 tantae
566 1687 769 1727 tenuere
806 1680 1015 1726 morae?
1087 1677 1268 1741 quibus
1309 1680 1503 1727 Hector
1537 1679 1603 1727 ab
1639 1678 1737 1728 oris

197 1769 478 1823 exspectate
515 1759 692 1809 venis?
763 1769 818 1808 ut
855 1769 903 1809 te
940 1769 1053 1823 post
1091 1761 1247 1808 multa
1284 1769 1497 1808 tuorum*

193 1844 380 1901 funera,
421 1851 535 1905 post
571 1842 729 1890 varios
768 1842 1132 1905 hominumque
1170 1841 1405 1905 urbisque
1442 1843 1635 1892 labores

193 1924 375 1972 defessi
413 1923 710 1987 aspicimus!
784 1941 912 1987 quae
950 1940 1099 1972 causa
1137 1923 1342 1987 indigna
1379 1941 1578 1973 serenos
1801 1933 1881 1986 285

193 2005 411 2054 foedavit
448 2007 653 2054 vultus?
725 2015 810 2054 aut
847 2022 934 2054 cur
971 2007 1095 2054 haec
1134 2007 1338 2055 vulnera
1374 2009 1590 2055 cerno?'

193 2087 274 2136 ille
312 2087 446 2147 nihil,
489 2105 584 2136 nec
622 2105 702 2136 me
743 2077 1065 2150 quaerentem
1104 2106 1232 2137 vana
1270 2098 1501 2149 moratur,

194 2171 282 2218 sed
319 2169 526 2233 graviter
563 2170 774 2232 gemitus
814 2169 916 2219 imo
956 2172 1020 2219 de
1059 2180 1261 2234 pectore
1299 2173 1502 2231 ducens,

198 2253 322 2299 ‘heu
359 2254 487 2314 fuge,
527 2261 642 2300 nate
679 2253 785 2311 dea,
829 2261 978 2315 teque
1017 2252 1120 2300 his'
1158 2253 1225 2301 ait
1267 2253 1426 2316 ‘eripe
1463 2253 1688 2303 flammis.

194 2333 349 2382 hostis
387 2334 538 2382 habet
576 2350 779 2395 muros,-
830 2334 926 2382 ruit
964 2337 1066 2384 alto
1103 2353 1133 2384 a
1171 2335 1388 2384 culmine
1425 2336 1588 2384 Troia.
1801 2325 1880 2398 296

194 2425 268 2464 sat
305 2415 489 2479 patriae
528 2415 826 2479 Priamoque
868 2419 1074 2467 datum:
1127 2418 1167 2467 si
1205 2421 1444 2482 Pergama
1480 2420 1649 2467 dextra
1722 2455 1724 2457 ψ
1877 2422 1881 2423 ’

195 2488 399 2546 defendi
435 2507 651 2561 possent,
697 2499 846 2548 etiam
885 2503 979 2549 hac
1018 2503 1223 2550 defensa
1259 2500 1479 2549 fuissent.

196 2596 333 2628 sacra
370 2596 586 2643 suosque
626 2581 715 2630 tibi
755 2587 1077 2633 commendat
1114 2583 1266 2632 Troia
1301 2582 1492 2646 penatis
1511 2600 1548 2642 3·

196 2663 288 2710 hos
326 2680 449 2727 cape
486 2665 700 2714 fatorum
742 2667 963 2726 comites,
1006 2667 1083 2715 his
1122 2664 1321 2714 moenia
1358 2682 1540 2727 quaere

197 2762 390 2809 magna,
429 2759 677 2810 pererrato
719 2759 904 2798 statues
944 2766 1071 2811 quae
1110 2747 1328 2810 denique
1364 2748 1552 2810 ponto.’
1787 2762 1877 2804 ‘295

198 2827 268 2877 sic
304 2829 371 2878 ait
409 2840 456 2880 et
496 2832 725 2881 manibus
765 2832 908 2881 vittas
947 2834 1254 2894 Vestamque
1290 2838 1547 2893 potentem

255 2964 334 3011 265
358 2964 444 3012 ⁷287
467 2961 596 3000 FMP
609 2975 618 3010 ;
650 2963 845 3011 288296
865 2959 1035 2999 FMPV
1248 2973 1330 3010 290
1360 2960 1444 2998 alta
1464 2956 1678 2996 D‘Orville
1702 2956 1883 3007 Wagner

199 3016 277 3055 alii
440 3030 533 3067 294,
556 3028 635 3067 295
666 3017 788 3067 vulgo
799 3021 896 3067 post
913 3029 1072 3065 quaere
1093 3015 1365 3066 distinguitur
