2014 3372
1295 148 1716 198 GEORGICON
1756 148 1830 197 IV

230 287 398 347 Atque
433 283 681 348 equidem,
720 294 939 334 extremo
974 287 1027 334 n'1
1062 285 1160 335 iam
1197 287 1290 335 sub
1326 288 1426 336 fine
1462 288 1687 337 laborum

163 367 270 414 vela
305 367 495 414 traham
531 375 580 414 et
615 366 752 415 terris
788 366 1018 416 festinem
1054 369 1308 416 advertere
1344 385 1554 431 proram,

161 446 364 495 forsitan
400 456 448 495 et
483 446 677 510 pinguis
714 449 883 496 hortos
919 464 1047 510 quae
1083 465 1199 497 cura
1235 449 1433 499 colendi

160 537 354 577 ornaret
390 545 632 588 canerem,
672 528 912 592 biferique
948 529 1130 578 rosaria
1166 531 1343 590 Paesti,

158 625 359 672 quoque
396 612 549 659 modo
584 610 714 673 potis
750 612 1020 674 gauderent
1056 610 1218 660 intiba*
1247 612 1360 661 rivis
1750 634 1826 664 120

157 699 206 738 et
241 690 418 739 virides
454 690 568 754 apio
603 690 750 754 ripae,
790 701 1044 755 tortusque
1079 709 1166 755 per
1201 694 1406 742 herbam

158 781 394 820 cresceret
430 771 481 819 in
516 773 996 824 ventremvcucumis
1014 791 1029 834 3
1075 790 1169 822 nec
1205 791 1311 823 sera
1347 784 1630 824 comantem

155 852 427 901 narcissum
463 863 548 901 aut
583 853 695 902 flexi
732 854 997 903 tacuissem
1033 854 1199 904 vimen
1234 856 1434 906 acanthi

142 922 481 997 vpallentisque
516 936 723 984 hederas
746 945 808 984 ·et
843 935 1054 984 amantis
1091 936 1233 986 litora
1268 946 1465 1000 myrtos.

153 1031 369 1078 namque
405 1016 498 1064 sub
535 1016 774 1065 Oebaliae
810 1016 1015 1066 memini
1052 1034 1132 1066 me
1169 1018 1381 1067 turribus
1417 1018 1556 1078 arcis,
1743 1039 1819 1080 125

152 1112 250 1158 qua
284 1095 422 1160 niger
455 1106 673 1146 umectat
708 1098 939 1147 flaventia
974 1100 1105 1147 culta
1142 1100 1396 1159 Galaesus,

152 1177 417 1240 Corycium
452 1178 632 1228 vidisse
669 1196 854 1239 senem,
893 1180 973 1228 cui
1009 1197 1167 1243 pauca
1202 1179 1357 1229 relicti

150 1257 315 1320 iugera
350 1258 471 1307 ruris
508 1269 659 1319 erant,
697 1276 791 1308 nec
826 1260 994 1309 fertilis
1030 1260 1112 1309 illa
1147 1260 1366 1310 iuvencis

149 1356 242 1388 nec
277 1339 445 1403 pecori
482 1350 761 1403 opportuna
797 1358 936 1404 seges
972 1358 1066 1390 nec
1102 1344 1369 1391 commoda
1407 1344 1620 1392 Baccho.

147 1419 228 1468 hic
264 1437 425 1469 rarum
462 1430 629 1469 tamen
666 1420 716 1469 in
753 1422 918 1471 dumis
954 1424 1064 1471 olus
1098 1424 1311 1486 albaque
1344 1423 1530 1472 circum
1740 1446 1816 1485 130

147 1501 247 1550 lilia
281 1503 620 1565 verbenasque
657 1520 887 1565 premens
923 1521 1226 1568 vescumque
1262 1521 1476 1567 papaver

145 1594 314 1645 regum
349 1585 596 1647 aequabat
633 1601 753 1647 opes
789 1585 981 1646 animis,
1020 1603 1226 1649 seraque
1262 1596 1510 1636 revertens

144 1673 292 1713 nocte
328 1666 536 1714 domum
573 1665 785 1728 dapibus
822 1683 1017 1715 mensas
1054 1668 1291 1716 onerabat
1326 1667 1572 1731 inemptis.

143 1745 329 1807 primus
366 1762 478 1794 vere
514 1763 677 1795 rosam
713 1756 862 1809 atque
897 1757 1138 1797 autumno
1175 1765 1373 1811 carpere
1408 1765 1572 1813 poma,

141 1835 191 1874 et
227 1843 342 1875 cum
378 1826 525 1876 tristis
563 1827 721 1877 hiems
758 1828 1030 1877 etiamnum
1065 1828 1242 1892 frigore
1278 1846 1392 1878 saxa
1732 1851 1807 1893 135

142 1919 389 1972 rumperet
426 1919 475 1958 et
511 1910 666 1973 glacie
705 1927 875 1959 cursus
911 1913 1121 1960 frenaret
1156 1928 1408 1977 aquarum,

140 1989 221 2039 ille
257 2008 454 2041 comam
490 1993 653 2041 mollis
690 1992 788 2040 iam
824 1993 1065 2042 tondebat
1100 1992 1352 2055 hyacinthi

139 2082 375 2121 aestatem
412 2074 710 2137 increpitans
748 2090 906 2121 seram
941 2076 1292 2136 Zephyrosque
1328 2074 1577 2123 morantis.

139 2169 254 2215 ergo
290 2155 466 2218 apibus
503 2155 612 2204 fetis
650 2155 784 2204 idem
819 2164 968 2217 atque
1004 2154 1228 2203 examine
1265 2157 1422 2203 multo

137 2235 324 2297 primus
359 2239 615 2288 abundare
653 2249 701 2287 et
739 2237 1021 2301 spumantia
1055 2254 1230 2300 cogere
1266 2237 1444 2299 pressis
1728 2260 1805 2300 140

138 2318 284 2365 mella
319 2318 472 2379 favis,
519 2319 588 2367 illi
624 2319 755 2368 tiliae
790 2328 941 2381 atque
976 2317 1222 2366 uberrima
1257 2317 1417 2381 pinus,

135 2407 358 2461 quotque
394 2399 444 2447 in
481 2402 600 2449 flore
637 2418 768 2449 novo
805 2400 966 2463 pomis
1003 2417 1056 2448 se
1091 2398 1260 2448 fertilis
1295 2400 1441 2448 arbos

135 2476 361 2528 induerat
398 2481 607 2530 totidem
644 2492 885 2530 autumno
922 2490 1113 2530 matura
1148 2480 1362 2529 tenebat.

134 2558 214 2608 ille
250 2561 399 2609 etiam
436 2579 565 2611 seras
601 2563 652 2610 in
688 2580 883 2612 versum
920 2561 1108 2611 distulit
1144 2563 1305 2610 ulmos

129 2642 438 2706 eduramque
474 2644 635 2707 pirum
672 2654 720 2693 et
757 2644 926 2707 spinos
957 2643 1061 2703 iam
1098 2660 1255 2706 pruna
1290 2643 1490 2705 ferentis
1722 2665 1795 2704 145

191 2774 376 2821 116-124
397 2772 550 2821 FMP;
584 2785 767 2823 125-145
798 2773 890 2811 MP
1155 2786 1232 2812 120
1262 2771 1384 2822 rivis]
1415 2772 1529 2811 fibris
1556 2772 1798 2811 Pn‘sa'anus

132 2831 363 2877 agnoscunt
380 2828 500 2867 schol.
531 2827 656 2867 Bern.
814 2841 888 2876 124
919 2841 1018 2876 -que
1046 2840 1126 2866 om.
1153 2828 1194 2865 F
1344 2838 1419 2875 125
1450 2827 1557 2865 arcis
1577 2826 1798 2866 PProbus

130 2881 376 2920 Arusianus
387 2881 704 2933 Philargym'us:
727 2883 835 2921 autis
849 2881 900 2919 M
907 2882 944 2919 ¹:
972 2882 1065 2921 altis
1092 2881 1145 2920 M
1147 2881 1210 2933 ²7²
1360 2894 1437 2930 129
1457 2881 1624 2933 pecori]
1646 2881 1795 2920 Cereri

131 2936 290 2974 coniecit
307 2936 562 2983 Salmasius,
576 2937 726 2987 probat
744 2935 919 2986 Madvig
1054 2948 1127 2985 137
1159 2937 1240 2974 iam
1262 2941 1349 2974 turn
1361 2935 1495 2986 P7²ac
1627 2935 1794 2974 acanthi

130 2988 185 3026 M
187 2988 272 3028 ²a¹c
381 3003 459 3039 139
479 2991 676 3040 idemque
691 2989 734 3028 P
844 3003 916 3038 141
941 2990 1024 3029 illic
1040 2990 1079 3028 P
1088 2995 1318 3041 agnoscunt
1328 2990 1445 3030 schol.
1464 2990 1589 3029 Bern.
1703 2990 1794 3028 tilia

122 3041 177 3080 M
273 3043 420 3095 pinus]
443 3045 559 3084 tinus
579 3044 673 3084 M¹x
705 3047 844 3097 ipsum
871 3044 1095 3097 Vergilium
1120 3046 1289 3086 verbum
1317 3047 1565 3097 ambiguum
1588 3047 1790 3096 reliquisse

123 3101 295 3136 testatur
310 3096 598 3150 Philawrius
