2014 3372
1265 195 1268 198 ·
1320 172 1682 222 AENEIDOS
1720 173 1795 221 IV

129 311 238 375 quis
275 329 355 361 me
390 321 568 372 autem,
607 313 684 361 fac
719 312 857 371 velle,
897 310 1025 360 sinet
1059 311 1345 374 ratibusque
1381 309 1606 373 superbis
1714 330 1794 370 540

125 390 333 441 invisam
369 392 617 456 accipiet?
662 391 822 441 nescis
858 393 970 452 heu,
1011 391 1214 455 perdita,
1255 393 1472 441 necdum

129 474 530 523 Laomedonteae
566 473 717 523 sentis
752 472 962 538 periuria
995 473 1191 537 gentis?

125 554 245 618 quid
282 558 428 604 tum?
473 557 578 604 sola
612 557 727 618 fuga
761 564 934 604 nautas
971 555 1246 605 comitabor
1281 555 1509 605 ovantis?

123 652 188 684 an
224 636 381 698 Tyriis
418 636 655 700 omnique
692 653 843 685 manu
880 636 1057 700 stipata
1092 654 1317 686 meorum

123 715 301 764 inferar
335 727 396 776 et,
436 735 561 781 quos
598 717 801 767 Sidonia
836 717 915 766 vix
951 718 1072 766 urbe
1107 718 1285 777 revelli,
1714 739 1791 779 545

123 813 287 845 rursus
323 815 464 861 agam
500 800 674 862 pelago
712 808 761 847 et
795 798 953 847 ventis
990 800 1107 847 dare
1141 801 1251 847 vela
1286 798 1509 848 iubebo?

124 877 244 941 quin
282 895 470 927 morere
507 887 560 927 ut
598 879 769 928 merita
806 896 871 939 es,
912 881 1139 943 ferroque
1174 889 1338 929 averte
1374 881 1612 929 dolorem.

124 967 177 1007 tu
212 958 422 1008 lacrimis
459 959 614 1008 evicta
651 959 787 1020 meis,
826 969 879 1009 tu
916 960 1075 1024 prima
1109 963 1354 1010 furentem

124 1039 212 1100 his,
253 1057 496 1103 germana,
538 1041 679 1090 malis
718 1059 891 1090 oneras
928 1051 1078 1105 atque
1114 1041 1270 1091 obicis
1306 1041 1450 1090 hosti.

123 1137 225 1169 non
260 1120 397 1170 licuit
432 1122 635 1170 thalami
671 1131 920 1185 expertem
958 1122 1063 1171 sine
1100 1122 1304 1171 crimine
1339 1121 1490 1171 vitam
1711 1142 1792 1183 550

123 1204 301 1266 degere
337 1219 473 1252 more
509 1204 650 1263 ferae,
693 1204 801 1253 talis
839 1222 931 1253 nec
969 1214 1167 1268 tangere
1203 1221 1379 1264 curas3

123 1300 225 1332 non
261 1293 449 1332 servata
483 1285 605 1333 fides
644 1284 793 1333 cineri
830 1284 1070 1348 promissa
1106 1287 1360 1348 Sychaeo.’

190 1367 379 1413 Tantos
416 1364 497 1413 illa
533 1381 624 1414 suo
661 1366 922 1429 rumpebat
957 1375 1156 1429 pectore
1193 1375 1425 1429 questus:

121 1447 317 1494 Aeneas
354 1447 484 1493 celsa
519 1445 569 1493 in
606 1446 761 1509 puppi
796 1445 894 1494 iarn
931 1455 1091 1495 certus
1127 1445 1279 1496 eundi

124 1527 355 1591 carpebat
392 1543 593 1576 somnos
631 1529 776 1576 rebus
813 1527 911 1576 iam
948 1527 1037 1577 rite
1072 1527 1265 1591 paratis.
1711 1548 1788 1589 555

122 1607 238 1656 huic
274 1624 326 1656 se
362 1609 518 1656 forma
553 1608 635 1657 dei
671 1610 809 1656 vultu
845 1607 1096 1657 redeuntis
1133 1610 1312 1657 eodem

122 1688 300 1737 obtulit
336 1688 386 1736 in
424 1688 609 1737 somnis
647 1706 910 1752 rursusque
946 1688 1014 1737 ita
1048 1689 1152 1737 visa
1187 1706 1390 1738 monere
1426 1697 1514 1748 est,

122 1768 290 1818 omnia
328 1769 576 1817 Mercurio
614 1769 797 1828 similis,
837 1786 1113 1832 vocemque
1149 1771 1468 1832 coloremque

122 1859 170 1898 et
207 1849 351 1898 crinis
388 1852 539 1898 flavos
577 1858 625 1898 et
661 1850 883 1898 membra
919 1851 1100 1899 decora
1134 1849 1391 1898 iuventae:

124 1933 135 1955 ‘
155 1940 268 1979 nate
304 1931 411 1990 dea,
450 1939 591 1993 potes
627 1932 724 1979 hoc
760 1931 853 1981 sub
890 1947 1007 1979 casu
1044 1932 1224 1979 ducere
1260 1947 1476 1989 somnos,
1710 1937 1790 1989 560

121 2027 212 2059 nec
250 2027 375 2073 quae
413 2020 461 2059 te
497 2010 682 2060 circum
719 2020 849 2060 stent
885 2011 1068 2060 deinde
1105 2010 1322 2074 pericula
1357 2010 1528 2069 cernis,

120 2092 340 2149 demenS‚
380 2108 473 2139 nec
509 2094 759 2154 Zephyros
794 2091 936 2140 audis
973 2091 1153 2154 spirare
1189 2093 1474 2140 secundos?

120 2172 201 2220 illa
237 2174 379 2221 dolos
416 2172 679 2236 dirumque
715 2175 852 2222 nefas
888 2173 939 2221 in
974 2182 1175 2236 pectore
1210 2182 1369 2222 versat

119 2262 250 2300 certa
287 2252 422 2311 mori,
463 2253 723 2317 variosque
759 2253 938 2301 irarum
974 2253 1189 2302 concitat
1223 2263 1400 2302 aestus.

119 2351 220 2383 non
258 2334 381 2398 fugis
419 2334 536 2383 hinc
572 2352 821 2398 praeceps,
861 2337 982 2385 dum
1019 2335 1338 2398 praecipitare
1373 2337 1633 2398 potestas?
1704 2346 1784 2397 565

118 2414 215 2462 iam
253 2432 386 2464 mare
422 2415 604 2464 turbari
640 2415 860 2465 trabibus
898 2433 1166 2479 saevasque
1199 2415 1391 2464 videbis

119 2498 379 2545 conlucere
415 2499 558 2556 faces,
598 2497 696 2545 iam
734 2499 918 2546 fervere
954 2497 1096 2546 litora
1130 2497 1354 2557 flammis,

119 2576 159 2624 si
195 2586 242 2624 te
278 2577 354 2625 his
389 2577 600 2641 attigerit
635 2577 772 2626 terris
807 2580 1000 2626 Aurora
1036 2586 1324 2626 morantem.

118 2656 230 2705 heia
264 2674 365 2721 age,
405 2676 578 2722 rumpe
615 2676 788 2708 moras.
862 2658 1048 2707 varium
1086 2668 1134 2707 et
1169 2658 1407 2708 mutabile
1443 2676 1637 2723 semper

118 2737 330 2787 femina.'
402 2739 472 2788 sic
507 2742 634 2790 fatus
670 2740 806 2790 nocti
841 2757 894 2789 se
930 2739 1197 2789 immiscuit
1230 2749 1376 2789 atrae.
1706 2758 1786 2801 570

173 2879 361 2917 540-554
383 2865 496 2916 MP;
528 2879 718 2918 555—570
737 2867 862 2906 FMP
1069 2880 1151 2916 540
1181 2868 1291 2905 sinat
1310 2866 1368 2904 Pl
1500 2879 1576 2916 541
1611 2867 1785 2906 inrisam

120 2918 306 2969 M27'2b1n
462 2934 541 2971 552
574 2922 761 2971 Sychaei
782 2921 834 2959 M
845 2937 853 2961 ε
887 2921 1122 2970 Sychaeies
1142 2920 1203 2959 P1
1362 2933 1445 2970 559
1474 2922 1671 2960 iuventae
1690 2921 1787 2970 P7a

117 2972 232 3013 Serv.
251 2989 261 3013 ς
290 2975 460 3014 iuventa
478 2976 520 3014 F
517 2975 629 3014 Mh2c
761 2975 841 3023 564
862 2975 1064 3023 varioque
1081 2973 1265 3024 (M1ab1n
1282 2976 1505 3023 svarioque
1522 2973 1610 3025 M1)
1632 2976 1786 3013 irarum

118 3028 290 3067 fluctuat
314 3027 526 3083 (M72abn)
549 3036 668 3069 aestu
692 3029 911 3082 (FMablrr)
932 3030 1088 3080 Haupt
1103 3029 1292 3068 Deuticke
1401 3031 1480 3079 565
1511 3029 1631 3080 hinc]
1651 3029 1694 3067 in
1714 3027 1768 3066 F1
