2014 3372
243 174 296 225 P.
335 174 634 222 VERGILI
675 175 1002 224 MARONIS

240 322 291 361 at
327 330 429 374 vos,
469 331 499 362 o
537 313 713 376 superi,
754 322 804 362 et
839 313 1010 362 divum
1048 322 1101 362 tu
1138 313 1352 363 maxime
1387 322 1548 364 rector

244 395 479 459 Iuppiter,
519 394 736 455 Arcadii,
777 412 978 458 quaeso,
1020 395 1321 445 miserescite
1358 395 1482 458 regis

241 487 291 526 et·
327 477 506 540 patrias
542 477 712 525 audite
748 494 953 539 preces:
1003 477 1043 525 si
1079 477 1286 525 numina
1320 486 1481 526 vestra

240 558 546 607 incolumem
584 560 809 607 Pallanta
845 558 979 619 mihi,
1021 558 1061 607 si
1097 561 1197 607 fata
1231 568 1492 620 reservant,
1837 574 1923 623 575

241 640 281 689 si
317 640 508 689 visurus
545 658 660 689 eum
697 640 809 690 vivo
846 650 895 690 et
931 650 1166 690 venturus
1202 641 1253 689 in
1290 658 1479 691 unum:

239 721 392 770 vitam
429 739 530 781 oro,
571 722 732 786 patior
768 722 993 786 quemvis
1030 724 1206 771 durare
1242 723 1478 772 laborem.

240 804 317 852 sin
353 804 571 867 aliquem
607 804 870 854 infandum
908 821 1093 864 casum,
1135 807 1365 864 Fortuna,
1406 804 1619 865 minaris,

239 903 387 945 nunc,
428 903 562 934 nunc
599 903 630 934 o
666 886 812 935 liceat
847 887 1101 935 crudelem
1138 886 1433 948 abrumpere
1468 885 1634 945 vitam,

240 969 363 1017 dum
401 985 547 1017 curae
583 969 859 1032 ambiguae,
901 970 1022 1017 dum
1060 985 1173 1031 spes
1210 967 1396 1016 incerta
1431 967 1594 1027 futuri,
1752 1012 1755 1014 .
1840 976 1925 1027 580

239 1051 362 1098 dum
399 1059 461 1110 te,
501 1068 611 1099 care
647 1068 781 1114 puer,
823 1068 935 1100 mea
970 1052 1075 1099 sola
1111 1059 1160 1098 et
1197 1067 1303 1099 sera
1337 1051 1577 1113 voluptas,

239 1133 505 1194 complexu
543 1141 705 1191 teneo,
744 1131 936 1195 gravior
971 1148 1070 1179 neu
1106 1130 1310 1179 nuntius
1345 1130 1475 1178 auris

238 1214 494 1262 vulneret.'
565 1215 689 1261 haec
725 1213 918 1276 genitor
953 1213 1177 1275 digressu
1214 1211 1347 1260 dicta
1383 1227 1615 1274 supremo

238 1294 516 1343 fundebat:
566 1293 739 1342 famuli
776 1295 1071 1357 conlapsum
1109 1292 1160 1340 in
1197 1301 1328 1341 tecta
1363 1292 1600 1341 ferebant.

311 1377 521 1439 Iamque
557 1376 686 1424 adeo
724 1374 905 1423 exierat
942 1373 1095 1438 portis
1133 1373 1381 1436 equitatus
1418 1372 1597 1436 apertis
1839 1382 1921 1434 585

238 1459 440 1505 Aeneas
476 1456 603 1505 inter
639 1457 824 1520 primos
862 1466 911 1505 et
947 1458 1077 1505 fidus
1114 1457 1346 1514 Achates,
1914 1462 1916 1464 ’

237 1537 358 1587 inde
394 1538 476 1587 alii
512 1537 692 1587 Troiae
728 1555 969 1601 proceres,
1010 1537 1116 1600 ipse
1152 1536 1348 1600 agmine
1386 1539 1546 1586 Pallas

238 1618 290 1667 in
329 1619 497 1668 medio
536 1620 799 1682 chlamyde
837 1628 885 1667 et
921 1617 1065 1682 pictis
1103 1627 1401 1680 conspectus
1438 1617 1490 1666 in
1525 1617 1685 1678 armis,

239 1700 400 1764 qualis
437 1701 524 1749 ubi
561 1700 753 1750 Oceani
790 1702 1015 1764 perfusus
1055 1699 1254 1749 Lucifer
1288 1701 1437 1759 unda,

239 1798 393 1844 quem
429 1784 601 1830 Venus
637 1791 753 1830 ante
790 1781 912 1830 alios
949 1790 1191 1830 astrorum
1229 1780 1386 1843 diligit
1422 1780 1562 1843 ignis,
1841 1800 1922 1842 590

241 1863 415 1912 extulit
451 1880 507 1912 os
545 1880 740 1911 sacrum
777 1865 917 1912 caelo
954 1863 1284 1925 tenebrasque
1321 1862 1532 1912 resolvit.
1783 1870 1785 1872 ’

240 1954 373 1993 stant
408 1945 618 2008 pavidae
654 1945 705 1993 in
743 1944 895 1993 muris
932 1954 1112 1993 matres
1150 1944 1408 2007 oculisque
1445 1953 1719 2034 sequuntur

239 2028 525 2088 pulveream
562 2026 750 2074 nubem
787 2034 836 2074 et
872 2024 1104 2088 fulgentis
1141 2041 1253 2075 aere
1290 2034 1521 2074 catervas.

241 2106 326 2155 olli
363 2124 451 2169 per
487 2108 680 2165 dumos,
722 2123 821 2169 qua
856 2105 1080 2169 proxima
1117 2115 1250 2154 meta
1285 2105 1487 2164 viarum,

239 2188 413 2237 armati
450 2191 698 2249 tendunt,
739 2188 776 2237 it
813 2191 1014 2247 clamor,
1046 2197 1094 2236 et
1131 2188 1327 2251 agmine
1362 2190 1494 2236 facto
1837 2205 1918 2249 595

240 2270 635 2334 quadripedante
671 2279 867 2333 putrem
905 2269 1072 2318 sonitu
1111 2269 1269 2333 quatit
1306 2272 1490 2333 ungula
1526 2286 1773 2333 campum.

240 2361 314 2401 est
350 2352 523 2415 ingens
560 2352 780 2415 gelidum
817 2353 958 2400 lucus
996 2369 1150 2415 prope
1188 2352 1394 2402 Caeritis
1430 2369 1644 2411 amnem,

240 2432 475 2496 religione
511 2442 706 2496 patrum
742 2435 840 2482 late
878 2450 1015 2482 sacer
1031 2453 1045 2495 3
1096 2433 1319 2496 undique
1355 2435 1506 2482 colles

240 2515 483 2563 inclusere
519 2514 627 2563 cavi
662 2524 710 2564 et
747 2516 884 2580 nigra
923 2533 1099 2565 nemus
1135 2516 1300 2565 abiete
1336 2516 1552 2578 cingunt.

241 2596 441 2645 Silvano
478 2599 609 2644 fama
645 2607 719 2646 est
756 2608 944 2648 veteres
985 2616 1202 2648 sacrasse
1240 2600 1487 2662 Pelasgos,
1835 2605 1919 2645 600

240 2694 467 2725 arvorum
504 2678 797 2742 pecorisque
835 2682 945 2740 deo,
987 2682 1256 2742 lucumque
1293 2678 1541 2741 diemque,

296 2809 483 2857 572—601
509 2808 641 2847 MPR
871 2822 950 2860 577
983 2811 1119 2859 patiar
1140 2807 1293 2860 P²7b²c
1428 2820 1510 2857 579
1539 2819 1652 2845 nunc
1673 2818 1700 2845 o
1719 2817 1832 2844 nunc
1853 2803 1914 2843 R¹

240 2861 413 2900 Ribbeck
524 2866 600 2913 581
637 2877 732 2903 sera
753 2870 795 2903 et
816 2865 907 2903 sola
933 2863 1045 2902 MPb
1066 2863 1179 2902 Serv.
1205 2863 1290 2901 ad
1280 2876 1334 2902 ix,
1354 2865 1433 2911 482
1556 2863 1637 2911 582
1667 2858 1917 2910 complexus

240 2915 394 2954 M²Rb²
560 2932 614 2956 ne
649 2917 809 2968 P²7¹brr
838 2918 1004 2957 Nomus
1031 2916 1228 2958 Donatus
1394 2918 1475 2967 583
1506 2913 1640 2966 dicta]
1666 2918 1828 2953 maesta
1847 2909 1915 2951 M¹

240 2972 321 3019 588
351 2971 383 3009 it
406 2972 545 3011 medio
569 2971 800 3011 Markland
