2020 3372
206 140 258 197 P}
299 149 597 197 VERGILI
639 151 896 200 MARON
904 152 964 199 IS

308 289 470 354 digna,
512 293 602 340 sed
637 301 835 354 argutos
872 292 998 341 inter
1034 301 1249 357 strepere
1283 311 1428 344 anser
1463 298 1637 346 olores.

205 377 264 418 M.
309 376 371 422 Id
409 373 613 437 quidem
650 390 743 436 ago
780 383 828 422 et
865 374 1056 435 tacitus,
1086 376 1286 438 Lycida,
1326 394 1524 427 mecum
1561 378 1667 442 ipse
1690 381 1875 442 voluto,

312 456 352 505 si
389 458 580 504 valeam
617 455 905 505 meminisse
925 475 938 518 3
976 474 1140 520 neque
1177 467 1251 507 est
1287 458 1505 523 ignobile
1542 477 1755 510 carmen.

312 541 440 587 ‘huc
476 540 610 597 ades,
650 555 681 586 o
720 539 960 599 Galatea3
1014 539 1123 602 quis
1162 549 1235 588 est
1271 557 1387 588 nam
1424 543 1570 590 ludus
1607 541 1658 590 in
1695 541 1879 593 undis?

306 621 388 669 hic
424 638 507 669 ver
543 637 861 683 purpureum,
900 620 1060 670 varios
1098 621 1178 670 hic
1216 622 1422 671 flumina
1458 623 1644 672 circum
1822 645 1880 686 40

305 702 468 752 fundit
505 704 687 751 humus
723 704 883 763 flores,
924 703 1005 752 hic
1043 703 1257 752 candida
1293 707 1507 767 populus
1543 715 1685 755 antro

304 783 532 832 imminet
568 792 616 832 et
653 785 815 832 lentae
851 792 1023 832 texunt
1060 784 1349 833 umbracula
1384 784 1519 833 vites.

305 869 403 915 huc
439 868 559 915 ades
578 884 591 926 ,·
640 864 801 914 insani
838 865 1013 914 feriant
1051 866 1156 915 sine
1194 866 1336 915 litora
1373 869 1583 916 fluctus.’

202 956 252 995 L.
306 947 457 1010 Quid,
498 964 626 1010 quae
662 956 711 995 te
747 964 870 1011 pura
906 949 1068 996 solum
1106 948 1199 996 sub
1237 957 1385 997 nocte
1422 958 1685 997 canentem

304 1029 596 1078 audieram?
646 1045 880 1077 numeros
917 1028 1136 1089 memini,
1177 1029 1217 1078 si
1253 1030 1402 1078 verba
1438 1039 1688 1079 tenerem:
1824 1051 1876 1092 45

309 1109 556 1173 ‘Daphni,
600 1110 722 1174 quid
763 1109 996 1173 antiquos
1040 1110 1289 1174 signorum
1336 1111 1543 1174 suspicis
1581 1114 1757 1162 ortus?

305 1210 422 1241 ecce
461 1192 675 1241 Dionaei
711 1192 951 1255 processit
988 1191 1213 1242 Caesaris
1250 1202 1450 1253 astrum,

305 1284 490 1324 astrum
528 1291 629 1337 quo
667 1283 856 1336 segetes
893 1275 1165 1336 gauderent
1202 1274 1422 1337 frugibus
1460 1284 1508 1324 et
1544 1292 1646 1339 quo

306 1358 509 1405 duceret
545 1355 721 1419 apricis
760 1355 811 1403 in
855 1355 1066 1404 collibus
1104 1373 1199 1403 uva
1236 1358 1468 1405 colorem.

305 1438 479 1496 insere,
522 1436 740 1500 Daphni,
780 1438 945 1499 piros:
985 1446 1188 1499 carpent
1225 1446 1310 1485 tua
1346 1454 1496 1500 poma
1531 1440 1771 1501 nepotes.'
1827 1459 1879 1499 50

202 1526 262 1565 M.
306 1519 491 1569 Omnia
529 1520 620 1567 fert
658 1527 807 1578 aetas,
835 1517 1058 1566 animum
1102 1535 1335 1581 quoque,
1387 1536 1533 1581 saepe
1575 1536 1668 1583 ego
1704 1521 1878 1584 longos

305 1602 555 1649 cantando
591 1617 801 1662 puerum
839 1599 1045 1648 memini
1081 1617 1162 1648 me
1199 1602 1415 1649 condere
1449 1602 1608 1650 soles:

304 1700 439 1731 nunc
476 1681 631 1731 oblita
667 1681 789 1729 mihi
826 1690 899 1730 tot
937 1682 1167 1743 carmina,
1207 1699 1302 1731 vox
1339 1699 1540 1746 quoque
1579 1682 1795 1732 Moerim

304 1764 403 1813 iam
440 1763 562 1826 fugit
598 1763 733 1826 ipsa:
772 1763 875 1826 lupi
914 1763 1129 1812 Moerim
1166 1764 1334 1813 videre
1370 1764 1569 1827 priores.

305 1847 394 1895 sed
429 1855 596 1894 tamen
633 1845 726 1893 ista
762 1845 878 1894 satis
916 1847 1090 1894 referet
1125 1845 1216 1894 tibi
1255 1863 1401 1909 saepe
1442 1848 1711 1895 Menalcas.
1826 1866 1876 1908 55

202 1935 251 1975 L.
306 1929 575 1978 Causando
613 1936 808 1976 nostros
846 1927 897 1975 in
934 1929 1139 1990 longum
1177 1927 1319 1976 ducis
1356 1945 1562 1977 amores.

305 2019 353 2058 et
390 2026 524 2057 nunc
561 2026 711 2057 omne
747 2008 838 2057 tibi
874 2018 1079 2057 stratum
1117 2008 1226 2058 silet
1262 2026 1461 2073 aequor,
1501 2019 1549 2058 et
1586 2026 1774 2069 omnes,

305 2090 485 2154 aspice,
524 2090 718 2139 ventosi
755 2090 1041 2139 ceciderunt
1078 2091 1342 2140 murmuris
1375 2108 1534 2140 aurae.

305 2172 422 2221 hinc
458 2174 586 2221 adeo
623 2172 789 2221 media
825 2181 898 2220 est
934 2172 1080 2221 nobis
1117 2172 1195 2220 via
1215 2192 1230 2234 ,-
1272 2190 1489 2236 namque
1528 2174 1809 2235 sepulcrum

304 2253 476 2317 incipit
512 2270 747 2316 apparere
786 2253 1023 2302 Bianoris.
1101 2253 1196 2313 hic,
1236 2253 1322 2302 ubi
1361 2256 1539 2303 densas
1825 2260 1877 2301 60

303 2334 546 2397 agricolae
583 2333 825 2396 stringunt
862 2335 1077 2393 frondes,
1118 2333 1213 2394 hic,
1256 2333 1431 2393 Moeri,
1473 2351 1741 2382 canamus:

304 2415 384 2464 hic
421 2417 609 2464 haedos
646 2417 857 2478 depone,
899 2424 1065 2464 tamen
1103 2414 1358 2464 veniemus
1395 2415 1446 2463 in
1483 2415 1670 2463 urbem.

303 2506 387 2545 aut
425 2496 464 2545 si
500 2513 599 2545 nox
634 2496 852 2559 pluviam
891 2514 954 2545 ne
992 2496 1190 2560 colligat
1226 2506 1341 2545 ante
1377 2513 1615 2555 veremur,

305 2587 560 2626 cantantes
597 2577 711 2626 licet
749 2595 908 2641 usque
950 2577 1134 2642 (minus
1172 2577 1250 2626 via
1287 2576 1459 2641 laedit)
1499 2576 1703 2637 eamus,

305 2668 559 2708 cantantes
596 2669 649 2708 ut
687 2676 871 2718 eamus,
912 2676 1003 2722 ego
1040 2661 1138 2708 hoc
1174 2668 1222 2707 te
1259 2660 1391 2707 fasce
1427 2658 1616 2706 levabo.
1823 2665 1873 2717 65

202 2748 263 2789 M.
306 2741 493 2790 Desine
530 2743 683 2805 plura,
724 2757 859 2804 puer,
900 2749 948 2788 et
985 2742 1122 2803 quod
1159 2756 1293 2788 nunc
1330 2738 1478 2787 instat
1514 2754 1717 2800 agamus
1738 2755 1752 2798 3

305 2822 523 2871 carmina
561 2831 667 2870 tum
705 2820 894 2880 melius,
935 2838 1050 2869 cum
1086 2820 1274 2869 venerit
1310 2819 1430 2882 ipse,
1470 2832 1719 2867 canemus.

258 2955 391 3002 36-67
425 2952 516 2990 MP
771 2952 907 3001 46-50
929 2951 1100 3001 Lycidae
1118 2952 1359 2990 continuant
1377 2950 1468 3000 My,
1498 2949 1621 3000 vulgo
1641 2948 1881 2986 tribuuntur

203 3008 379 3046 Moeridz'
498 3020 547 3056 51
582 3006 722 3058 aetas]
744 3012 860 3045 setas
882 3006 952 3055 Pl,
979 3006 1088 3045 unde
1105 3007 1248 3044 omnia
1267 3006 1366 3055 fers,
1390 3010 1508 3044 aetas
1529 3003 1700 3043 Ribbeck
1821 3014 1876 3052 59

204 3063 272 3101 hic
293 3061 336 3099 P
498 3063 550 3110 64
581 3061 722 3100 laedet
742 3060 884 3111 7²bcn:
915 3060 1052 3099 laedat
1077 3060 1280 3111 Gathling
