2014 3372
1355 156 1716 207 AENEIDOS
1756 156 1810 204 II

148 299 423 347 succedunt
458 307 590 347 tecto
626 306 675 347 et
710 299 935 347 flammas
971 300 1036 347 ad
1073 295 1291 346 culmina
1326 296 1521 346 iactant.

147 381 254 446 ipse
289 383 415 432 inter
449 383 633 446 primos
670 392 895 446 correpta
930 385 1053 432 dura
1088 381 1294 445 bipenni

147 464 317 513 limina
351 464 624 527 perrumpit
658 464 914 528 postisque
949 482 979 513 a
1016 464 1215 514 cardine
1251 462 1385 512 vellit
1731 469 1811 518 480

146 555 366 605 aeratos,
413 545 611 608 iamque
647 545 809 594 excisa
843 546 981 595 trabe
1017 547 1158 593 firma
1194 544 1383 593 cavavit

146 627 324 675 robora
359 636 407 675 et
442 626 693 689 ingentem
729 629 829 676 lato
863 627 1004 676 dedit
1041 644 1124 676 ore
1160 628 1435 675 fenestram.

146 716 347 769 apparet
383 709 562 756 domus
598 707 730 756 intus
767 717 816 756 et
851 708 972 756 atria
1006 710 1155 771 longa
1189 715 1485 771 patescunt3

145 797 383 850 apparent
420 789 599 838 Priami
636 798 685 837 et
720 799 942 839 veterum
979 789 1250 853 penetralia
1284 806 1470 852 regum,

144 880 459 934 armatosque
495 871 667 920 vident
702 871 875 920 stantis
911 872 962 920 in
999 871 1169 920 limine
1204 871 1378 935 primo.
1732 881 1810 930 485

144 960 194 999 at
231 953 412 1000 domus
448 951 650 1002 interior
683 952 870 1016 gemitu
907 953 1188 1016 miseroque
1224 953 1439 1000 tumultu

145 1032 388 1092 miscetur,
428 1034 729 1097 penitusque
762 1051 911 1084 cavae
947 1035 1265 1098 plangoribus
1301 1035 1451 1082 aedes

144 1113 368 1162 femineis
405 1116 595 1162 ululant
612 1132 626 1174 3
672 1114 782 1164 ferit
816 1132 964 1164 aurea
1000 1115 1160 1166 sidera
1197 1117 1396 1164 clamor.

144 1202 250 1241 tum
285 1195 494 1257 pavidae
530 1196 671 1244 tectis
706 1206 888 1245 matres
924 1196 1207 1260 ingentibus
1245 1205 1406 1245 errant

143 1276 497 1338 amplexaeque
534 1285 705 1324 tenent
739 1276 894 1340 postis
930 1286 1079 1339 atque
1116 1279 1286 1325 oscula
1320 1278 1490 1340 figunt.
1729 1296 1812 1337 490

143 1353 291 1402 instat
327 1355 375 1402 vi
409 1356 566 1419 patria
602 1358 813 1419 Pyrrhus
831 1375 845 1417 3
892 1374 986 1405 nec
1022 1359 1232 1406 claustra
1266 1374 1359 1405 nec
1395 1355 1488 1419 ipsi

144 1437 375 1484 custodes
413 1438 611 1485 sufferre
646 1439 811 1486 valent
830 1456 844 1498 3
891 1438 1025 1486 labat
1060 1437 1210 1486 ariete
1246 1438 1419 1485 crebro

143 1515 302 1579 ianua,
341 1527 390 1565 et
426 1518 578 1567 emoti
613 1519 949 1582 procumbunt
985 1519 1185 1568 cardine
1220 1528 1400 1582 postes.

142 1596 197 1644 fit
232 1596 310 1645 via
344 1597 391 1645 vi
411 1615 425 1658 3
471 1608 708 1662 rumpunt
743 1599 906 1648 aditus
942 1599 1228 1663 primosque
1264 1599 1511 1647 trucidant

143 1676 350 1726 immissi
389 1679 551 1727 Danai
587 1688 635 1728 et
671 1682 769 1728 late
805 1682 915 1729 loca
951 1680 1105 1729 milite
1141 1682 1407 1743 complent.
1724 1702 1805 1742 495

142 1776 244 1807 non
281 1760 364 1819 sic,
403 1761 660 1824 aggeribus
696 1761 851 1825 ruptis
890 1779 1004 1810 cum
1041 1780 1275 1826 spumeus
1311 1761 1469 1810 amnis

142 1840 259 1888 exiit
295 1841 647 1905 oppositasque
684 1842 829 1890 evicit
863 1842 1052 1906 gurgite
1088 1845 1259 1903 moles,

142 1922 291 1969 fertur
326 1921 376 1969 in
413 1939 527 1970 arva
562 1925 727 1972 furens
764 1926 965 1973 cumulo
1002 1941 1306 1988 camposque
1341 1941 1428 1987 per
1464 1923 1626 1972 omnis

142 2020 256 2051 cum
293 2003 496 2051 stabulis
532 2013 755 2053 armenta
789 2004 948 2053 trahit.
1022 2005 1123 2054 vidi
1159 2005 1264 2068 ipse
1300 2007 1543 2053 furentem

142 2086 295 2132 caede
332 2086 721 2147 Neoptolemum
757 2084 1083 2148 geminosque
1118 2085 1170 2133 in
1206 2085 1376 2133 limine
1412 2084 1624 2144 AtridaS‚
1726 2106 1807 2144 500

140 2165 241 2213 vidi
280 2166 546 2214 Hecubam
585 2175 886 2229 centumque
922 2184 1072 2215 nurus
1111 2166 1462 2229 Priamumque
1497 2151 1584 2229 per
1619 2183 1724 2214 aras

141 2245 377 2308 sanguine
413 2248 698 2295 foedantem
735 2264 859 2310 quos
897 2247 1003 2310 ipse
1039 2257 1310 2296 sacraverat
1345 2247 1483 2311 ignis.

142 2326 497 2390 quinquaginta
531 2326 601 2375 illi
636 2328 855 2388 thalami,
894 2345 1006 2391 spes
1042 2330 1208 2392 ampla
1244 2337 1498 2391 nepotum,

140 2406 395 2455 barbarico
430 2417 597 2471 postes
632 2426 753 2457 auro
789 2409 1058 2472 spoliisque
1093 2409 1293 2472 superbi

138 2488 480 2549 procubuere,
526 2498 697 2538 tenent
734 2490 897 2538 Danai
933 2508 1031 2553 qua
1066 2491 1234 2540 deficit
1269 2490 1407 2554 ignis.
1724 2509 1803 2549 505

208 2568 432 2617 Forsitan
469 2579 518 2618 et
554 2570 736 2618 Priami
770 2571 950 2619 fuerint
985 2588 1113 2634 quae
1149 2573 1248 2620 fata
1283 2570 1512 2634 requiras.

139 2648 272 2696 urbis
308 2649 379 2697 uti
416 2660 588 2713 captae
624 2668 794 2699 casum
830 2654 1166 2715 convulsaque
1201 2652 1324 2701 vidit

138 2729 309 2778 limina
343 2739 585 2779 tectorum
621 2742 670 2780 et
706 2732 927 2781 medium
964 2732 1015 2781 in
1050 2733 1384 2796 penetralibus
1420 2735 1629 2791 hostem,

193 2861 384 2909 478-496
423 2859 575 2908 MPV;
624 2864 814 2911 497-508
853 2861 943 2900 MP
1259 2874 1337 2911 497
1388 2861 1476 2900 exit
1515 2860 1803 2899 cLachmann

138 2914 219 2962 498
250 2914 415 2965 furens]
447 2927 574 2954 ruens
603 2914 753 2953 Dazves
917 2928 998 2964 503
1028 2928 1197 2966 spesam
1219 2946 1227 2954 .
1252 2947 1261 2956 .
1287 2946 1296 2955 .
1322 2915 1383 2955 P:
1420 2928 1517 2965 spes
1546 2915 1683 2965 ampla
1711 2931 1740 2966 γ
1760 2916 1801 2953 in

139 2971 259 3017 textu,
276 2969 423 3018 probat
441 2969 634 3007 Ribbeck:
668 2982 768 3020 spes
797 2975 914 3008 tanta
942 2969 1020 3020 Μγ
1047 2969 1090 3008 in
1124 2972 1311 3022 margine
1338 2971 1434 3009 abcrr
1457 2970 1570 3010 Serv.
1723 2971 1802 3019 508

139 3022 289 3060 mediis
309 3022 434 3072 P²7¹c
450 3024 634 3074 agnoscit
650 3023 764 3062 Serv.
