2020 3372
157 137 210 183 Ρ.
250 137 550 184 VERGILI
591 136 918 185 MARONIS

256 284 477 338 pastores
516 275 741 340 (mandat
777 276 881 324 fieri
918 275 1011 324 sibi
1047 275 1163 325 talia
1201 274 1466 341 Daphnis),

257 366 306 404 et
341 359 588 405 tumulum
624 356 782 416 facite,
824 366 872 405 et
909 359 1101 406 tumulo
1138 357 1453 420 superaddite
1490 373 1718 406 carmen:
1752 372 1755 374 ·

260 437 516 501 ‘Daphnis
554 454 646 500 ego
681 437 733 485 in
770 437 913 497 silvis,
955 437 1071 486 hinc
1108 455 1265 501 usque
1301 440 1366 487 ad
1402 437 1565 486 sidera
1597 446 1758 498 notus,

256 518 460 567 formosi
495 517 687 581 pecoris
726 528 906 578 custos,
946 519 1208 568 formosior
1244 519 1379 582 ipse·.'

224 602 381 648 .Tale
417 609 558 648 tuum
595 617 795 649 carmen
832 599 991 660 nobis,
1032 600 1197 649 divine
1234 610 1395 663 poeta,
1778 619 1829 659 45

255 683 402 744 quale
438 698 587 744 sopor
622 681 762 730 fessis
799 681 850 730 in
886 681 1121 744 gramine,
1162 683 1307 744 quale
1343 698 1431 744 per
1467 690 1659 730 aestum

254 762 413 811 dulcis
449 779 610 826 aquae
646 762 851 811 saliente
889 762 1019 811 sitim
1056 763 1357 826 restinguere
1395 762 1510 811 rivo.

254 861 348 892 nec
381 843 583 892 calamis
617 846 779 892 solum
812 844 1117 907 aequiperas,
1146 846 1234 893 sed
1260 861 1383 892 voce
1416 843 1722 907 magistrum:

253 927 501 974 fortunate
537 942 672 989 puer,
711 934 764 973 tu
800 943 934 974 nunc
971 925 1063 974 eris
1100 927 1221 974 alter
1256 926 1321 974 ab
1357 925 1455 973 illo.
1780 945 1832 984 49

253 1024 345 1056 nos
371 1016 539 1056 tamen
564 1008 688 1055 haec
714 1002 1034 1070 quocumque
1060 1008 1213 1056 modo
1234 1007 1323 1055 tibi
1349 1016 1516 1055 nostra
1534 1006 1750 1055 vicissim

253 1090 491 1150 dicemus,
531 1089 889 1152 Daphnimque
926 1098 1068 1137 tuum
1106 1091 1337 1137 tollemus
1375 1090 1439 1137 ad
1476 1097 1626 1148 astra3

254 1170 511 1235 Daphnim
530 1172 596 1219 ad
614 1179 743 1218 astra
760 1172 993 1218 feremus:
1022 1169 1204 1218 amavit
1221 1187 1312 1218 nos
1330 1187 1531 1233 quoque
1550 1169 1791 1233 Daphnis,

228 1255 337 1300 ‚An
374 1251 643 1315 quicquam
680 1250 825 1299 nobis
863 1250 948 1299 tali
985 1250 1047 1299 sit
1083 1268 1288 1300 munere
1325 1251 1520 1300 maius?

253 1343 302 1382 et
337 1350 459 1396 puer
495 1332 602 1396 ipse
637 1332 729 1381 fuit
765 1331 951 1381 cantari
990 1332 1183 1396 dignus,
1226 1342 1274 1381 et
1310 1332 1402 1380 ista

252 1415 351 1463 iam
387 1414 580 1478 pridem
617 1413 895 1462 Stimichon
932 1413 1150 1462 laudavit
1187 1414 1406 1462 carmina
1442 1413 1600 1462 nobis,
1779 1433 1829 1473 55

221 1496 514 1547 ,Candidus
551 1495 801 1544 insuetum
839 1496 1040 1544 miratur
1076 1496 1228 1544 limen
1266 1495 1467 1559 Olympi

252 1579 345 1626 sub
382 1577 696 1641 pedibusque
731 1577 867 1626 videt
903 1578 1062 1626 nubes
1100 1587 1148 1626 et
1184 1577 1345 1627 sidera
1384 1577 1625 1641 Daphnis.

252 1677 367 1723 ergo
402 1659 575 1708 alacris
613 1659 757 1708 silvas
795 1668 843 1708 et
881 1669 1043 1708 cetera
1078 1677 1189 1708 rura
1224 1661 1451 1722 voluptas

252 1743 490 1804 Panaque
525 1750 850 1804 pastoresque
886 1750 1022 1789 tenet
1058 1742 1384 1803 Dryadasque
1420 1742 1622 1803 puellas.

250 1839 344 1871 nec
380 1824 525 1885 lupus
562 1821 765 1870 insidias
802 1821 983 1885 pecori,
1023 1838 1117 1870 nec
1153 1821 1273 1870 retia
1310 1821 1463 1870 cervis
1777 1829 1831 1870 60

249 1906 349 1952 ulla
386 1906 559 1952 dolum
596 1903 918 1952 meditantur:
956 1912 1090 1952 amat
1128 1903 1290 1951 bonus
1328 1902 1428 1951 otia
1467 1901 1707 1966 Daphnis.

249 1984 345 2048 ipsi
380 1984 566 2033 laetitia
600 2002 748 2034 voces
785 1987 849 2034 ad
887 1984 1048 2034 sidera
1084 1984 1268 2033 iactant

249 2066 436 2115 intonsi
472 2076 668 2115 montes
686 2085 700 2127 3
741 2066 877 2130 ipsae
914 2067 1012 2114 iam
1050 2066 1268 2115 carmina
1304 2084 1463 2130 rupes,

249 2148 356 2211 ipsa
393 2158 574 2197 sonant
609 2149 831 2197 arbusta:
873 2150 1038 2207 ‘deus‚
1079 2150 1203 2197 deus
1240 2148 1335 2207 ille,
1374 2148 1663 2196 Menalca!'

248 2228 315 2277 sis
353 2230 516 2278 bonus
553 2247 583 2278 o
620 2229 835 2292 felixque
873 2229 999 2277 tuis!
1043 2246 1106 2277 en
1144 2238 1376 2292 quattuor
1412 2247 1548 2278 aras:
1773 2236 1824 2288 65

249 2327 367 2359 ecce
403 2313 527 2360 duas
564 2310 667 2370 tibi,
710 2310 927 2374 Daphni,
967 2313 1091 2360 duas
1128 2311 1298 2359 altaria
1334 2312 1554 2360 Phoebo.

247 2394 429 2455 pocula
465 2392 583 2440 bina
618 2410 750 2441 novo
787 2393 1068 2455 spumantia
1104 2395 1230 2441 lacte
1267 2392 1533 2456 quotannis

249 2483 561 2537 craterasque
597 2475 699 2522 duo
737 2483 949 2522 statuam
986 2474 1076 2522 tibi
1112 2474 1307 2538 pinguis
1345 2474 1474 2533 olivi,

249 2563 297 2603 et
333 2557 492 2603 multo
528 2554 579 2602 in
615 2554 785 2617 primis
821 2555 1035 2603 hilarans
1073 2555 1300 2604 convivia
1337 2556 1551 2613 Baccho,

248 2645 363 2684 ante
398 2638 581 2695 focum,
621 2635 662 2684 si
697 2635 846 2698 frigus
883 2636 986 2695 erit,
1026 2636 1066 2684 si
1104 2637 1288 2697 messis,
1330 2636 1382 2684 in
1418 2637 1594 2685 umbra
1775 2653 1825 2696 70

247 2716 363 2765 vina
397 2734 583 2766 novum
620 2718 828 2766 fundam
866 2717 1069 2765 calathis
1103 2718 1299 2766 Ariusia
1335 2727 1514 2766 nectar.

200 2857 331 2895 41-71
356 2844 437 2882 PR
657 2848 711 2894 46
741 2845 863 2884 lassis
896 2845 965 2883 Ra
1186 2859 1240 2896 49
1273 2846 1356 2885 eicit
1375 2846 1544 2884 Ribbeck
1652 2844 1704 2882 ab
1727 2842 1819 2895 illo]

144 2898 301 2949 Apollo
321 2899 406 2937 Ral
547 2910 599 2947 52
630 2899 844 2949 Daphnim
857 2899 1013 2951 Ρ-γαεπ,
1027 2900 1207 2940 Κῖοιιέεὲ
1228 2900 1335 2951 (vide
1355 2900 1604 2939 Lachmann
1625 2898 1685 2938 ad
1699 2897 1815 2938 Lucn

145 2954 186 2993 ii.
211 2955 314 3007 991)
333 2968 341 2994 :
374 2954 578 3004 Daphnin
601 2954 714 2993 celeri
876 2956 929 2993 68
959 2956 1067 2994 duos
1087 2954 1178 2993 a²crr
