2014 3372
1303 153 1662 202 AENEIDOS
1700 151 1790 199 111

119 298 285 347 sorbet
318 297 371 346 in
405 298 671 360 abruptum
705 297 885 345 fluctus
919 311 1184 357 rursusque
1217 294 1311 342 sub
1345 309 1487 341 auras

119 379 259 442 erigit
294 381 520 438 alternos,
559 387 609 427 et
644 377 805 426 sidera
838 378 1061 426 verberat
1096 377 1246 424 unda.

118 470 169 509 at
204 462 416 523 Scyllam
452 459 612 508 caecis
647 458 850 506 cohibet
885 459 1124 521 spelunca
1157 455 1356 505 latebris

119 558 204 590 ora
239 549 564 590 exsertantem
599 548 649 588 et
683 538 821 587 navis
857 538 908 585 in
945 555 1060 586 saxa
1094 540 1384 586 trahentem.
1703 553 1786 595 425

118 622 276 686 prima
311 620 526 670 hominis
562 620 711 669 facies
747 630 796 669 et
831 621 1040 683 pulchro
1074 629 1275 681 pectore
1309 618 1446 680 virgo

118 704 252 766 pube
288 712 445 761 tenus,
483 711 733 764 postrema
767 700 973 759 immani
1008 717 1213 763 corpore
1247 699 1422 763 pistrix

119 783 411 846 delphinum
448 784 630 830 caudas
667 791 807 830 utero
842 781 1108 830 commissa
1142 783 1385 844 luporum.

119 874 331 928 praestat
366 864 606 912 Trinacrii
641 874 797 913 metas
833 866 1035 912 lustrare
1072 862 1292 925 Pachyni

119 955 407 1005 cessantem,
447 948 622 1008 longos
658 955 707 994 et
742 945 1126 994 circumflectere
1162 961 1344 1003 cursus,
1710 962 1792 1003 430

120 1044 269 1090 quam
306 1029 458 1076 semel
494 1027 756 1076 informem
791 1036 930 1075 vasto
966 1026 1147 1074 vidisse
1183 1027 1276 1074 sub
1312 1034 1454 1074 antro

120 1109 332 1170 Scyllam
369 1118 418 1157 et
454 1107 689 1156 caeruleis
725 1107 932 1156 canibus
967 1106 1248 1155 resonantia
1283 1123 1415 1157 saxa.

118 1200 381 1255 praeterea,
423 1190 463 1238 si
499 1207 598 1253 qua
633 1199 707 1238 est
746 1191 948 1238 Heleno
983 1188 1248 1252 prudentia
1280 1188 1392 1248 vati,

120 1271 160 1319 si
197 1289 296 1334 qua
330 1272 467 1330 fides,
506 1270 728 1318 animum
765 1270 806 1318 si
840 1269 965 1318 veris
1001 1269 1175 1331 implet
1209 1270 1406 1331 Apollo,

120 1369 276 1399 unum
312 1351 434 1399 illud
470 1351 574 1410 tibi,
613 1361 728 1399 nate
763 1352 869 1409 dea,
910 1366 1099 1412 proque
1135 1349 1368 1398 omnibus
1404 1365 1560 1397 unum
1710 1367 1791 1407 435

120 1432 401 1495 praedicam
438 1442 486 1480 et
521 1442 749 1495 repetens
784 1431 1062 1493 iterumque
1098 1430 1376 1492 iterumque
1412 1430 1648 1483 monebo,

123 1513 329 1561 Iunonis
366 1530 573 1576 magnae
608 1513 822 1576 primum
859 1529 1005 1575 prece
1041 1529 1229 1560 numen
1264 1513 1429 1570 adora,

123 1587 306 1641 Iunoni
342 1610 464 1641 cane
501 1602 616 1641 vota
651 1593 811 1641 libens
848 1592 1207 1654 dominamque
1242 1601 1499 1654 potentem

122 1673 425 1736 supplicibus
463 1690 638 1736 supera
673 1673 849 1722 donis:
892 1673 962 1721 sic
998 1673 1216 1735 denique
1250 1672 1406 1721 victor

121 1754 374 1802 Trinacria
408 1754 520 1802 finis
558 1756 711 1803 Italos
747 1754 941 1803 mittere
976 1753 1156 1803 relicta.
1710 1772 1795 1813 440

121 1837 220 1883 huc
255 1835 341 1883 ubi
378 1837 569 1884 delatus
607 1836 881 1885 Cumaeam
917 1834 1180 1883 accesseris
1216 1835 1391 1883 urbem

122 1915 415 1978 divinosque
451 1917 586 1964 lacus
622 1924 671 1964 et
705 1918 904 1964 Averna
938 1915 1166 1964 sonantia
1201 1915 1346 1974 silvis,

122 1995 346 2044 insanam
382 2006 546 2045 vatem
581 1995 803 2059 aspicies,
842 2013 970 2059 quae
1004 2013 1125 2059 rupe
1162 1997 1254 2044 sub
1295 1996 1396 2045 ima

122 2078 222 2124 fata
256 2076 388 2124 canit
423 2077 652 2139 foliisque
688 2086 830 2125 notas
866 2086 915 2125 et
950 2076 1155 2124 nomina
1189 2078 1406 2125 mandat.

124 2175 468 2221 quaecumque
504 2158 554 2205 in
591 2158 720 2206 foliis
756 2157 1014 2221 descripsit
1050 2157 1268 2206 carmina
1302 2159 1437 2222 virgo
1710 2176 1791 2217 445

124 2238 299 2301 digerit
334 2238 384 2285 in
420 2255 682 2287 numerum
718 2248 867 2305 atque
903 2248 1044 2286 antro
1070 2240 1271 2287 seclusa
1306 2238 1565 2301 relinquit:

123 2319 207 2367 illa
242 2329 444 2368 manent
479 2319 686 2367 immota
720 2319 841 2367 locis
878 2336 1041 2382 neque
1077 2320 1141 2368 ab
1178 2319 1351 2368 ordine
1386 2321 1584 2368 cedunt.

124 2417 294 2447 verum
330 2401 519 2459 eadem,
558 2416 700 2448 verso
736 2399 897 2448 tenuis
934 2417 1048 2448 cum
1085 2399 1284 2448 cardine
1320 2409 1495 2448 ventus

124 2479 319 2543 impulit
355 2490 403 2528 et
440 2490 630 2529 teneras
667 2480 879 2529 turbavit
915 2480 1062 2529 ianua
1097 2482 1310 2540 frondeS‚

124 2577 397 2623 numquam
434 2561 618 2610 deinde
653 2576 775 2610 cavo
810 2561 1065 2610 volitantia
1099 2563 1339 2624 prendere
1376 2578 1493 2610 saxo
1709 2584 1730 2621 4
1739 2582 1791 2621 50

124 2657 217 2688 nec
253 2658 479 2690 revocare
516 2641 635 2689 situs
671 2651 755 2689 aut
791 2641 990 2704 iungere
1027 2643 1244 2690 carmina
1279 2651 1428 2690 curat.

124 2719 391 2769 inconsulti
426 2722 612 2770 abeunt
648 2723 918 2784 sedemque
955 2723 1103 2786 odere
1140 2722 1366 2784 Sibyllae.

179 2862 368 2899 422-452
404 2848 496 2886 MP
739 2862 819 2898 433
848 2849 972 2899 vulgo
1010 2854 1104 2887 ante
1141 2835 1234 2887 vati¹
1265 2849 1559 2900 distinguitur:
1599 2850 1673 2888 sed
1705 2850 1794 2888 vide

123 2902 269 2953 Henry
296 2904 354 2941 ad
378 2904 491 2942 hunc
514 2904 646 2942 locum
812 2917 893 2952 440
923 2904 1112 2955 mittere]
1143 2903 1299 2942 misere
1324 2903 1413 2942 P1:
1454 2905 1633 2943 miscere
1655 2903 1789 2954 P²712

124 2958 302 2996 metiere
321 2957 397 2996 b²c²
561 2971 643 3008 449
672 2957 861 3008 teneras]
888 2958 1012 2996 terris
1035 2956 1093 2995 Ρ1

179 3037 313 3067 VERG.
1624 2998 1678 3066 12
