2014 3372
1302 165 1665 214 AENEIDOS
1701 165 1838 213 VIII

173 312 440 371 extuderat,
479 319 642 359 castae
677 310 928 359 ducebant
964 324 1101 356 sacra
1136 324 1223 371 per
1257 307 1431 356 urbem

171 393 368 459 pilentis
404 402 582 442 matres
618 391 669 440 in
706 391 951 440 mollibus.
1026 389 1143 438 hinc
1179 390 1351 452 procul
1386 387 1526 438 addit

171 478 426 524 Tartareas
463 474 611 523 etiam
648 475 804 532 sedes,
843 474 941 520 alta
982 471 1108 521 ostia
1145 470 1287 531 Ditis,

171 566 220 605 et
256 558 496 605 scelerum
532 570 731 618 poenas,
772 563 821 602 et
856 563 917 613 te,
959 552 1185 611 Catilina,
1226 551 1408 600 minaci

170 639 472 701 pendentem
509 637 714 698 scopulo
753 634 1108 697 Furiarumque
1145 650 1229 682 ora
1265 641 1574 693 trementem,

170 727 483 780 secretosque
518 717 639 780 pios,
680 716 755 764 his
793 718 995 765 dantem
1032 715 1137 763 iura
1173 716 1432 765 Catonem.

158 800 292 848 ,haec
327 799 453 847 inter
488 798 665 846 tumidi
701 800 798 846 late
833 796 979 846 maris
1015 796 1118 845 ibat
1153 796 1318 859 imago

167 897 326 939 aurea,
367 882 454 929 sed
490 882 642 928 fluctu
679 880 976 942 spumabant
1013 880 1206 927 caerula
1242 894 1382 936 cano,

168 970 216 1010 et
253 961 436 1010 circum
473 970 676 1025 argento
713 960 827 1009 clari
864 959 1124 1023 delphines
1160 959 1212 1007 in
1248 960 1421 1008 orbem

167 1058 382 1104 aequora
417 1043 674 1090 verrebant
711 1041 880 1090 caudis
917 1050 1208 1103 aestumque
1245 1040 1492 1089 secabant.

166 1123 217 1170 in
253 1122 420 1171 medio
456 1122 622 1171 classis
658 1131 860 1181 aeratas,
898 1121 1043 1170 Actia
1075 1122 1219 1181 bella,

167 1220 365 1252 cernere
402 1212 515 1263 erat,
555 1212 817 1266 totumque
852 1203 1090 1251 instructo
1128 1205 1290 1251 Marte
1326 1201 1517 1250 videres

166 1287 349 1333 fervere
387 1288 638 1334 Leucaten
674 1302 895 1348 auroque
931 1286 1161 1347 effulgere
1198 1285 1390 1331 fluctus.

165 1365 282 1414 hinc
318 1369 568 1429 Augustus
605 1383 754 1429 agens
794 1368 945 1414 Italos
981 1365 1031 1413 in
1068 1364 1253 1428 proelia
1290 1365 1472 1414 Caesar

165 1463 279 1495 curn
315 1447 534 1510 patribus
571 1450 871 1511 populoque,
910 1446 1172 1510 penatibus
1209 1455 1257 1494 et
1293 1444 1482 1508 magnis
1520 1443 1610 1504 dis,

164 1538 297 1577 stans
334 1531 464 1578 celsa
499 1529 549 1576 in
586 1529 755 1592 puppi,
794 1528 1014 1592 geminas
1052 1527 1130 1576 cui
1166 1536 1390 1589 tempora
1425 1528 1650 1574 flammas

162 1611 289 1659 laeta
325 1619 532 1659 vomunt
568 1610 880 1673 patriumque
916 1608 1130 1672 aperitur
1164 1607 1345 1656 vertice
1382 1606 1531 1656 sidus.

162 1700 298 1754 parte
334 1691 428 1739 alia
463 1691 621 1739 ventis
660 1700 708 1740 et
744 1690 819 1740 dis
857 1689 1074 1752 Agrippa
1111 1687 1341 1737 secundis

161 1775 343 1822 arduus
380 1791 558 1837 agmen
594 1789 776 1836 agens:
826 1772 918 1831 cui,
958 1771 1076 1820 belli
1111 1769 1302 1833 insigne
1339 1769 1624 1834 superbum,

161 1864 384 1917 tempora
420 1853 581 1902 navali
616 1855 806 1916 fulgent
842 1861 1046 1901 rostrata
1082 1867 1278 1900 corona.

160 1934 277 1983 hinc
313 1952 408 1998 ope
443 1934 698 1983 barbarica
733 1933 976 1997 variisque
1011 1932 1260 1981 Antonius
1296 1931 1458 1991 armis,

159 2016 314 2065 victor
348 2018 413 2065 ab
449 2019 668 2065 Aurorae
704 2015 900 2078 populis
937 2023 985 2063 et
1020 2014 1161 2062 litore
1196 2015 1359 2073 rubro,

160 2100 439 2161 Aegyptum
477 2096 689 2159 virisque
727 2095 943 2145 Orientis
980 2104 1029 2144 et
1064 2094 1239 2142 ultima
1275 2110 1443 2142 secum

160 2181 336 2227 Bactra
370 2178 518 2237 vehit,
560 2178 878 2240 sequiturque
917 2175 1096 2241 (nefas)
1134 2175 1378 2239 Aegyptia
1413 2175 1642 2226 coniunx.

158 2276 257 2308 una
293 2276 466 2308 omnes
502 2275 640 2307 ruere
676 2276 733 2307 ac
770 2267 929 2307 totum
967 2274 1194 2320 spumare
1230 2256 1444 2305 reductis

157 2342 448 2389 convulsum
487 2339 632 2389 remis
669 2339 936 2402 rostrisque
972 2337 1266 2386 tridentibus
1302 2353 1500 2400 aequor.

156 2422 254 2469 alta
288 2429 496 2483 petunt3
544 2422 719 2483 pelago
756 2421 927 2468 credas
963 2418 1133 2467 innare
1169 2419 1383 2466 revulsas

157 2501 398 2563 Cycladas
434 2509 518 2548 aut
555 2500 736 2549 montis
774 2516 1063 2548 concurrere
1100 2498 1353 2547 montibus
1388 2500 1526 2559 altos,

155 2591 290 2630 tanta
327 2584 457 2630 mole
492 2581 580 2629 viri
615 2580 795 2630 turritis
831 2580 1081 2644 puppibus
1116 2579 1313 2628 instant.

156 2672 365 2725 stuppea
403 2665 602 2711 flamma
637 2680 788 2711 manu
825 2662 1033 2725 telisque
1069 2662 1267 2710 volatile
1303 2663 1483 2710 ferrum

1757 315 1836 367 665

1757 721 1839 774 670

1752 1532 1833 1574 680

1750 1939 1830 1992 685

1743 2347 1827 2402 690

213 2792 404 2843 665-694
427 2792 557 2831 MPR
766 2796 847 2843 670
878 2794 947 2832 hic
968 2792 1167 2843 Ladewt‘g
1302 2793 1385 2841 672
1416 2791 1638 2842 spumabat
1660 2789 1821 2843 MPR-y

155 2848 238 2886 680
267 2853 352 2886 stat
372 2847 438 2885 Rb
550 2848 634 2898 cui]
656 2848 738 2886 huc
758 2848 813 2886 P2
832 2862 842 2887 ε
887 2848 985 2886 huic
1005 2863 1034 2898 -γ
1231 2847 1310 2894 685
1341 2846 1591 2896 Phar-iisque
1622 2845 1822 2885 Heinsius

153 2903 237 2940 686
267 2903 417 2941 ductor
437 2901 666 2940 Markland
837 2904 919 2951 692
949 2901 1043 2940 altis
1065 2900 1271 2939 deteriores
1291 2900 1481 2951 quidam,
1502 2900 1685 2950 agnoscit
1700 2898 1815 2941 Serv.

153 2957 234 3005 694
265 2956 422 3005 telique
442 2957 485 2994 R

210 3036 342 3066 VERG-

1657 3033 1709 3074 21
