2020 3372
1438 153 1720 210 ECLOGA
1758 152 1811 199 II

250 302 400 355 atque
435 291 635 341 humilis
671 292 893 341 habitare
929 309 1066 341 casas
1103 302 1151 341 et
1188 294 1336 355 figere
1373 308 1557 351 cervos,

250 377 625 439 haedorumque
660 392 858 439 gregem
894 377 1038 426 viridi
1075 380 1372 440 compellere
1409 376 1632 426 hibisco!
1762 397 1813 435 30

250 476 448 507 mecum
485 476 584 507 una
619 458 671 506 in
707 459 839 507 silvis
876 459 1132 508 imitabere
1170 462 1307 508 Pana
1344 460 1572 508 canendo

252 542 378 606 (Pan
414 540 628 604 primum
666 542 882 590 calamos
919 558 1031 589 cera
1067 541 1367 604 coniungere
1404 540 1556 604 pluris

249 622 471 681 instituit,
514 624 619 670 Pan
656 631 793 669 curat
831 621 936 670 ovis
974 622 1244 685 oviumque
1282 621 1575 687 magistros),

250 721 343 752 nec
380 714 428 752 te
464 703 711 767 paeniteat
749 706 941 752 calamo
978 704 1167 753 trivisse
1204 705 1474 753 labellum:

251 788 374 835 haec
410 788 585 835 eadem
622 796 678 834 ut
714 785 871 846 sciret,
912 786 1034 849 quid
1071 804 1174 835 non
1211 786 1423 835 faciebat
1459 788 1737 848 Amyntas?
1768 807 1816 846 35

251 878 325 917 est
361 868 483 916 mihi
521 868 798 931 disparibus
838 878 1029 931 septem
1067 878 1328 932 compacta
1364 868 1537 917 cicutis

251 952 428 1009 fistula,
471 952 741 998 Damoetas
781 952 917 999 dono
954 950 1077 998 mihi
1114 967 1264 1013 quam
1301 950 1439 998 dedit
1475 949 1609 1008 olim,

252 1041 300 1080 et
336 1031 457 1080 dixit
495 1031 741 1080 moriens:
786 1036 864 1080 ‘te
901 1049 1034 1080 nunc
1070 1032 1222 1081 habet
1257 1031 1350 1080 ista
1384 1032 1718 1080 secundum':

251 1112 372 1161 dixit
411 1115 695 1172 Damoetas,
737 1113 913 1162 invidit
949 1115 1126 1162 stultus
1162 1116 1417 1176 Amyntas.

251 1203 503 1256 praeterea
542 1196 644 1243 duo
681 1211 774 1243 nec
810 1204 916 1243 tuta
951 1194 1074 1242 mihi
1109 1196 1235 1243 valle
1270 1194 1448 1257 reperti
1768 1214 1821 1254 40

253 1276 480 1339 capreoli,
510 1275 687 1338 sparsis
727 1275 874 1324 etiam
912 1293 1046 1323 nunc
1081 1275 1293 1337 pellibus
1329 1276 1445 1324 albo
1462 1294 1476 1335 3

251 1357 370 1406 bina
405 1357 486 1406 die
525 1357 712 1405 siccant
751 1356 855 1405 ovis
894 1358 1076 1405 ubera:
1114 1373 1239 1419 quos
1277 1356 1366 1404 tibi
1402 1373 1556 1405 servo.

251 1442 349 1490 iarn
387 1441 580 1505 pridem
618 1458 648 1489 a
684 1458 764 1489 me
802 1440 912 1490 illos
951 1442 1200 1490 abducere
1237 1441 1485 1504 Thestylis
1522 1450 1660 1502 orat3

252 1534 301 1572 et
337 1524 495 1583 faciet,
537 1524 772 1586 quoniam
813 1525 1016 1572 sordent
1052 1523 1142 1572 tibi
1179 1541 1384 1572 munera
1418 1533 1597 1572 nostra.

232 1609 350 1655 >huc
386 1609 518 1666 adeS‚
562 1624 593 1655 o
632 1609 847 1655 formose
886 1624 1036 1670 puer:
1074 1607 1164 1656 tibi
1200 1607 1300 1656 lilia
1335 1608 1494 1671 plenis
1767 1630 1817 1669 45

252 1706 368 1738 ecce
406 1691 567 1737 ferunt
609 1690 873 1751 Nymphae
919 1689 1159 1749 calathis3
1195 1688 1284 1737 tibi
1321 1689 1535 1738 candida
1572 1689 1705 1749 Nais,

251 1768 484 1834 pallentis
515 1770 669 1818 violas
708 1780 756 1818 et
796 1787 990 1818 summa
1029 1787 1280 1833 papavera.
1308 1788 1527 1834 carpens,

243 1854 522 1902 narcissum
561 1863 610 1902 et
646 1854 818 1900 florem
859 1851 1014 1914 iungit
1053 1851 1183 1900 bene
1219 1851 1397 1899 olentis
1433 1852 1600 1900 anethi
1618 1871 1630 1912 3

250 1945 356 1984 turn
393 1936 524 1985 casia
560 1944 709 1998 atque
745 1933 851 1982 aliis
890 1933 1112 1982 intexens
1150 1933 1382 1982 suavibus
1419 1933 1583 1983 herbis

250 2017 419 2066 mollia
454 2019 638 2066 luteola
674 2015 830 2080 pingit
868 2015 1089 2063 vaccinia
1124 2017 1263 2063 calta.
1768 2037 1821 2076 50

250 2099 356 2162 ipse
391 2117 483 2163 ego
520 2117 645 2148 cana
680 2102 840 2161 legam
881 2106 1049 2145 tenera
1085 2097 1316 2160 lanugine
1353 2099 1482 2145 mala

249 2192 604 2246 castaneasque
640 2199 807 2242 nuceS‚
849 2198 960 2229 mea
999 2198 1121 2243 quas
1158 2181 1419 2243 Amaryllis
1455 2182 1666 2230 amabat.

248 2266 431 2313 addam
458 2283 599 2314 cerea
628 2282 784 2328 pruna
823 2263 1004 2329 (honos
1038 2262 1127 2311 erit
1156 2262 1272 2311 huic
1303 2279 1503 2325 quoque
1532 2262 1705 2326 pomo)
1724 2281 1738 2323 3

250 2355 299 2393 et
334 2363 435 2405 vos,
475 2364 505 2395 o
542 2347 677 2406 lauri,
718 2363 930 2410 carpam,
973 2355 1022 2394 et
1060 2354 1121 2403 te,
1162 2343 1383 2406 proxima
1418 2352 1601 2405 myrte:

250 2426 319 2475 sic
356 2427 544 2490 positae
582 2427 819 2490 quoniam
860 2427 1020 2476 suavis
1062 2425 1277 2474 miscetis
1315 2427 1507 2473 odores.
1770 2445 1818 2483 55

250 2507 457 2557 rusticus
494 2526 560 2568 eS,
602 2510 874 2571 Corydon3
911 2526 1005 2557 nec
1047 2524 1251 2556 munera
1291 2515 1427 2554 curat
1463 2504 1644 2563 Alexis,

250 2606 355 2650 nec,
396 2590 437 2638 si
473 2591 758 2640 muneribus
797 2600 967 2651 certes,
1012 2593 1255 2640 concedat
1293 2590 1455 2637 Iollas.

249 2671 347 2719 heu
383 2673 495 2730 heu,
537 2672 658 2734 quid
695 2672 828 2721 volui
867 2672 1046 2721 misero
1087 2672 1246 2720 mihi?
1286 2670 1490 2719 floribus
1526 2671 1763 2717 Austrum

251 2750 470 2813 perditus
507 2761 556 2799 et
591 2751 790 2814 liquidis
827 2752 1010 2801 immisi
1047 2752 1268 2801 fontibus
1305 2767 1463 2814 apros.

204 2890 340 2928 29—59
358 2878 440 2917 PR
658 2892 711 2929 32
740 2880 902 2930 primus
930 2881 974 2919 bc
990 2880 1105 2921 Serv.
1284 2894 1419 2931 32—33
1449 2880 1630 2919 damnat
1655 2877 1824 2917 Ribbeck

150 2945 204 2981 39
233 2934 318 2971 eicit
328 2933 497 2971 Ribbeck
607 2946 658 2982 41
690 2935 783 2973 albo
803 2934 896 2984 Ργό
915 2934 1034 2974 serv.
1054 2934 1347 2986 Philargyrius
1365 2950 1374 2973 :
1404 2936 1527 2975 ambo
1541 2934 1642 2973 Rae.
1768 2933 1822 2981 56

152 2986 220 3037 es]
242 2986 371 3038 P²7bc
390 3002 399 3025 :
429 2994 495 3026 est
519 2986 663 3025 P¹Ra¹
830 3002 881 3038 57
914 2995 1048 3028 certet
1068 2989 1111 3027 R
