2014 3372
234 145 286 192 P.
327 144 627 193 VERGILI
668 143 994 193 MARONIS

234 294 282 334 et
318 283 417 333 iam
455 283 650 334 collecti
686 286 843 332 Troes
879 284 1215 347 glomerantur
1252 284 1433 333 eodem

235 375 282 415 et
319 368 543 415 conferre
579 381 785 413 manum
823 374 872 413 et
908 381 1195 428 procurrere
1232 365 1426 429 longius
1465 365 1666 414 audent.
1705 391 1708 393 >
1831 371 1915 427 690

304 447 512 497 Ductori
548 450 721 496 Turno
758 446 951 496 diversa
986 447 1036 496 in
1073 457 1211 512 parte
1247 447 1426 497 furenti

233 529 552 592 turbantique
588 528 718 578 viros
755 531 995 592 perfertur
1031 529 1249 590 nuntius,
1289 531 1485 578 hostem

233 613 418 660 fervere
455 613 609 660 caede
646 628 776 660 nova
813 620 861 660 et
897 620 1063 674 portas
1100 612 1336 674 praebere
1371 609 1600 675 patentis.

235 693 416 742 deserit
452 693 707 757 inceptum
744 703 894 757 atque
931 693 1138 742 immani
1175 693 1402 742 concitus
1438 693 1509 742 ira

237 774 544 823 Dardaniam
581 774 676 823 ruit
713 777 777 824 ad
813 784 1008 838 portam
1046 777 1316 838 fratresque
1353 774 1606 838 superbos.
1835 779 1913 834 695

234 865 282 904 et
318 855 546 919 primumv
570 856 878 919 Antiphaten
919 856 980 918 (is
1017 856 1151 905 enirn
1188 873 1240 905 se
1275 855 1461 919 primus
1496 853 1710 919 agebat),

234 939 479 987 Thebana
515 939 579 986 de
616 947 772 987 matre
809 940 1021 987 nothum
1059 936 1358 1001 Sarpedonis
1395 937 1493 996 alti,

235 1019 463 1069 coniecto
501 1019 672 1069 sternit
709 1019 900 1069 iaculo:
949 1022 1082 1069 volat
1121 1021 1247 1068 Itala
1283 1035 1462 1067 cornus

233 1105 347 1150 aera
382 1118 468 1165 per
503 1111 730 1151 tenerum
767 1104 1128 1165 stomachoque
1166 1101 1315 1149 infixa
1351 1101 1445 1148 sub
1476 1102 1632 1148 altum

234 1193 409 1247 pectus
445 1184 582 1246 abit3
631 1183 795 1233 reddit
832 1201 1009 1247 specus
1047 1183 1138 1232 atri
1175 1182 1389 1231 vulneris
1426 1183 1615 1230 undam
1839 1197 1918 1242 700

236 1275 565 1330 spumantem,
607 1275 655 1315 et
692 1268 790 1315 fixo
827 1268 1008 1315 ferrum
1046 1265 1097 1313 in
1134 1266 1373 1328 pulmone
1410 1263 1630 1327 tepescit.

236 1357 344 1396 tum
363 1350 625 1411 Meropem
645 1357 796 1411 atque
815 1350 1085 1410 Erymanta
1105 1363 1270 1406 manu,
1293 1355 1399 1394 tum
1420 1343 1590 1393 sternit
1606 1341 1913 1406 Aphidnum,

235 1437 341 1477 tum
380 1428 544 1477 Bitian
580 1430 838 1478 ardentem
876 1428 1031 1477 oculis
1068 1427 1347 1490 animisque
1383 1428 1690 1484 frementem,

236 1526 339 1559 non
376 1509 538 1559 iaculo
577 1509 762 1573 (neque
799 1509 932 1558 enim
970 1508 1132 1557 iaculo
1168 1507 1319 1556 vitam
1356 1507 1438 1556 ille
1474 1504 1730 1570 dedisset),

237 1593 326 1640 sed
362 1608 597 1655 magnum
635 1590 846 1640 stridens
884 1599 1110 1639 contorta
1146 1588 1396 1652 phalarica
1427 1586 1562 1636 venit
1839 1601 1915 1645 705

236 1671 455 1720 fulminis
492 1680 601 1720 acta
637 1673 804 1731 modo,
846 1688 997 1734 quam
1034 1687 1128 1720 nec
1165 1672 1268 1720 duo
1305 1679 1474 1718 taurea
1510 1677 1645 1730 terga

236 1771 330 1803 nec
366 1753 552 1817 duplici
589 1770 796 1816 squama
831 1753 983 1802 lorica
1019 1752 1179 1801 fidelis
1217 1761 1265 1800 et
1301 1768 1421 1800 auro

237 1835 500 1885 sustinuit:
551 1838 788 1899 conlapsa
823 1844 972 1883 ruunt
1008 1834 1245 1883 immania
1282 1833 1549 1882 membra*

237 1919 322 1966 dat
358 1920 502 1967 tellus
538 1918 779 1982 gemitum
818 1927 867 1966 et
904 1917 1120 1981 clipeum
1160 1933 1306 1980 super
1346 1915 1542 1964 intonat
1578 1913 1764 1976 ingens.

236 1998 346 2047 talis
383 1999 434 2047 in
472 1999 702 2048 Euboico
741 1999 973 2048 Baiarum
1010 1998 1151 2047 litore
1189 1999 1444 2060 quondam
1840 2011 1917 2055 710

237 2097 383 2129 saxea
417 2079 518 2143 pila
553 2081 698 2140 cadit,
740 2080 931 2143 magnis
968 2097 1118 2143 quam
1156 2078 1371 2127 molibus
1407 2086 1523 2126 ante

237 2171 571 2211 constructam
608 2171 766 2226 ponto
802 2161 1000 2220 iaciunt,
1042 2160 1111 2209 sic
1147 2159 1230 2208 illa
1265 2159 1458 2207 ruinam

236 2260 393 2307 prona
429 2243 575 2292 trahit
612 2243 910 2307 penitusque
947 2241 1085 2291 vadis
1123 2240 1267 2289 inlisa
1303 2238 1577 2289 recumbit:

237 2324 447 2374 miscent
485 2342 537 2374 se
573 2325 727 2374 maria
762 2334 811 2374 et
847 2324 1013 2388 nigrae
1050 2325 1343 2372 attolluntur
1379 2323 1607 2379 harenae,

237 2416 343 2455 tum
381 2405 547 2455 sonitu
581 2408 830 2469 Prochyta
864 2408 963 2455 alta
998 2405 1163 2454 tremit
1199 2406 1481 2465 durumque
1517 2400 1682 2451 cubile
1838 2419 1914 2461 715

239 2488 455 2537 Inarime
494 2488 625 2537 Iovis
663 2488 880 2552 imperiis
918 2488 1133 2552 imposta
1169 2487 1426 2550 Typhoeo.

307 2569 408 2618 Hic
447 2572 582 2618 Mars
619 2571 921 2634 armipotens
960 2569 1184 2618 animum
1222 2566 1436 2629 virisque
1473 2563 1663 2613 Latinis

237 2651 430 2700 addidit
467 2661 516 2700 et
553 2651 778 2701 stimulos
817 2651 942 2701 acris
980 2652 1072 2700 sub
1115 2659 1316 2714 pectore
1352 2647 1507 2706 vertit,

237 2733 541 2797 immisitque
580 2737 768 2798 Fugam
806 2732 1012 2783 Teucris
1048 2742 1309 2794 atrumque
1346 2729 1614 2778 Timorem.

237 2815 461 2879 undique
498 2816 816 2875 conveniunt,
859 2814 1096 2879 quoniam
1134 2815 1251 2862 data
1287 2811 1432 2875 copia
1467 2825 1675 2875 pugnae,
1838 2824 1916 2867 720

292 2948 485 2998 689-720
507 2946 638 2986 MPR
872 2947 956 2996 689
987 2944 1159 2996 eodem]
1183 2945 1226 2983 in
1249 2956 1381 2982 unum
1403 2942 1445 2981 R
1610 2940 1693 2989 690
1722 2936 1914 2989 manum]

238 3003 414 3051 gradum
436 3003 602 3041 Nonius
739 3002 977 3051 procedere
998 3000 1105 3038 idem
1254 3011 1334 3047 710
1362 2995 1501 3046 qualis
1520 2993 1710 3044 P7bcmn
1835 3004 1916 3042 719

240 3055 446 3094 Furorem
469 3055 526 3093 Ρι
