2014 3372
1335 167 1698 218 AENEIDOS
1734 169 1808 216 VI

143 300 372 353 imminet
404 303 643 354 adsimilis
659 322 673 367 3
720 306 889 355 lucent
923 304 1197 370 genialibus
1233 305 1342 355 altis

142 400 290 433 aurea
324 387 477 434 fulcra
511 385 642 445 toris,
681 388 956 450 epulaeque
991 396 1106 436 ante
1142 404 1228 436 ora
1262 396 1459 450 paratae

142 466 341 529 regifico
376 469 492 515 luxu
508 485 522 528 3
570 467 802 516 furiarum
840 468 1053 517 maxima
1089 468 1223 517 iuxta
1730 477 1808 529 605

141 548 352 596 accubat
388 557 437 596 et
471 548 700 597 manibus
735 549 965 612 prohibet
1001 549 1287 613 contingere
1325 566 1535 610 mensas,

142 628 453 692 exsurgitque
488 631 647 679 facem
683 632 912 679 attollens
947 640 1097 694 atque
1132 631 1326 680 intonat
1361 648 1458 681 ore.

141 710 235 770 hic,
276 711 455 774 quibus
492 711 635 760 invisi
670 714 853 772 fratres,
892 714 1014 761 dum
1050 712 1149 761 vita
1185 713 1431 773 manebat,

140 794 424 855 pulsatusve
459 809 635 856 parens
671 803 757 842 aut
790 795 920 842 fraus
957 794 1136 843 innexa
1171 794 1352 854 clienti,

140 880 226 923 aut
262 874 347 938 qui
383 874 562 924 divitiis
600 875 692 924 soli
728 875 998 924 incubuere
1034 876 1235 939 repertis
1729 885 1810 926 610

141 972 235 1004 nec
269 964 459 1018 partem
496 973 705 1019 posuere
741 957 841 1005 suis
880 956 1029 1021 (quae
1066 957 1280 1005 maxima
1316 957 1460 1005 turba
1496 955 1604 1022 est),

142 1036 326 1100 quique
361 1037 429 1086 ob
463 1037 759 1085 adulterium
797 1038 940 1097 caesi,
981 1037 1166 1101 quique
1201 1054 1338 1086 arma
1373 1038 1530 1087 secuti

140 1117 293 1181 impia
327 1135 421 1167 nec
455 1118 594 1167 veriti
630 1118 947 1168 dominorum
983 1121 1150 1168 fallere
1186 1121 1395 1179 dextras,

140 1197 317 1247 inclusi
352 1215 566 1261 poenam
602 1208 900 1262 exspectant.
975 1216 1038 1248 ne
1074 1217 1255 1262 quaere
1291 1199 1459 1248 doceri

141 1295 291 1341 quam
316 1295 544 1342 poenam,
571 1288 655 1327 aut
679 1295 808 1342 quae
832 1281 990 1328 forma
1013 1279 1142 1328 viros
1167 1282 1426 1328 fortunave
1451 1279 1630 1329 mersit.
1723 1276 1806 1340 ‘615

141 1375 311 1407 saxum
347 1359 519 1423 ingens
554 1362 759 1408 volvunt
793 1359 888 1419 alii,
928 1359 1175 1423 radiisque
1211 1370 1427 1409 rotarum

140 1439 346 1488 districti
381 1441 602 1502 pendent
619 1458 632 1500 3
678 1442 818 1489 sedet
853 1449 1210 1504 aeternumque
1245 1440 1439 1490 sedebit

139 1519 307 1569 infelix
341 1522 580 1580 Theseus,
620 1523 961 1585 Phlegyasque
996 1521 1295 1570 miserrimus
1332 1521 1494 1571 omnis

138 1604 377 1651 admonet
412 1610 461 1650 et
497 1619 676 1666 magna
712 1611 917 1651 testatur
953 1620 1075 1652 voce
1111 1619 1199 1666 per
1233 1603 1463 1652 umbras:

144 1683 361 1732 “discite
397 1683 631 1732 iustitiam
667 1684 844 1732 moniti
880 1693 928 1732 et
963 1701 1066 1732 non
1102 1693 1323 1733 temnere
1359 1684 1545 1734 divos.''
1729 1694 1809 1734 620

138 1764 363 1813 vendidit
398 1764 480 1813 hic
515 1781 635 1813 auro
671 1765 879 1828 patriam
916 1765 1278 1829 dominumque
1314 1775 1570 1829 potentem

138 1845 407 1908 imposuit3
454 1845 558 1894 fixit
593 1848 724 1909 leges
761 1846 919 1909 pretio
954 1855 1104 1910 atque
1140 1847 1330 1908 refixit3

138 1926 219 1974 hic
255 1928 528 1975 thalamum
565 1927 746 1976 invasit
783 1936 928 1976 natae
964 1928 1242 1990 vetitosque
1278 1930 1615 1991 hymenaeos:

137 2005 244 2053 ausi
280 2022 453 2054 omnes
490 2006 707 2055 immane
743 2009 880 2055 nefas
916 2024 1139 2071 ausoque
1175 2007 1330 2070 potiti.

138 2103 254 2145 non,
293 2086 415 2134 mihi
450 2086 490 2134 si
525 2087 720 2150 linguae
757 2098 958 2136 centum
995 2088 1092 2137 sint
1128 2106 1312 2152 oraque
1347 2100 1561 2151 centum,
1725 2099 1803 2150 625

137 2168 291 2215 ferrea
325 2184 432 2227 vox,
472 2169 633 2217 omnis
670 2171 911 2218 scelerum
947 2172 1303 2233 comprendere
1339 2174 1532 2232 formas,

138 2248 305 2296 omnia
339 2265 611 2311 poenarum
648 2268 928 2314 percurrere
965 2251 1169 2300 nomina
1204 2251 1421 2315 possim.'

207 2332 350 2379 Haec
386 2331 472 2379 ubi
508 2331 641 2381 dicta
677 2333 816 2382 dedit
854 2333 1047 2382 Phoebi
1083 2335 1321 2396 longaeva
1356 2335 1600 2393 sacerdos,

142 2413 256 2460 ‘sed
291 2411 389 2460 iam
424 2430 527 2477 age,
568 2432 713 2478 carpe
748 2416 879 2464 viam
916 2426 965 2464 et
1000 2424 1284 2478 susceptum
1321 2415 1502 2478 perfice
1539 2431 1718 2463 munus
1735 2431 1750 2475 3

136 2496 493 2543 acceleremus'
528 2497 596 2545 ait
613 2516 625 2558 5
667 2500 975 2561 ‘Cyclopum
1013 2499 1194 2546 educta
1229 2495 1434 2545 caminis
1724 2503 1804 2555 630

137 2575 334 2623 moenia
370 2577 625 2640 conspicio
660 2587 810 2643 atque
846 2582 1053 2628 adverso
1089 2577 1276 2627 fornice
1312 2586 1490 2640 portas,

136 2657 260 2704 haec
295 2658 381 2706 ubi
417 2676 508 2708 nos
544 2671 806 2724 praecepta
842 2661 1014 2710 iubent
1049 2663 1300 2724 deponere
1336 2660 1499 2708 dona.'

136 2736 323 2786 dixerat
358 2748 406 2787 et
442 2740 620 2802 pariter
654 2742 804 2804 gressi
840 2759 927 2805 per
962 2759 1119 2805 opaca
1154 2742 1342 2790 viarum

189 2870 378 2918 603-633
403 2870 573 2909 FMPR
820 2875 899 2922 607
932 2873 1125 2922 increpat
1145 2871 1228 2923 Ργ1
1393 2873 1476 2921 609
1506 2876 1579 2909 aut
1604 2883 1624 2909 c
1640 2868 1804 2908 Nonius

135 2920 250 2962 Serv.
269 2938 278 2962 :
308 2930 351 2962 et
370 2924 589 2976 FMPR7h
755 2927 836 2975 615
867 2932 1024 2966 merset
1044 2926 1220 2977 Madvig
1396 2928 1474 2974 617
1508 2924 1699 2963 districte
1719 2923 1774 2962 Ρ1
1793 2939 1802 2963 :

136 2975 346 3015 distrincti
368 2977 427 3017 c¹:
462 2979 651 3018 destricti
672 2978 912 3030 FMP²R7b
1065 2982 1146 3031 629
1176 2986 1218 3020 et
1238 2980 1319 3020 iam
1342 2978 1405 3029 M,
1428 2979 1536 3018 unde
1555 2980 1622 3019 eia
1643 2979 1806 3018 coniecit

135 3029 336 3069 Heinsius
498 3035 580 3083 630
609 3035 733 3073 ducta
752 3034 1001 3086 FPR7³b¹m
