2014 3372
254 154 306 202 Ρ.
350 155 648 204 VERGILI
688 157 1013 206 MARONIS

249 297 375 345 forte
412 296 502 345 fuit
539 296 673 346 iuxta
710 299 940 357 tumulus,
981 314 1083 361 quo
1120 315 1301 348 cornea
1336 316 1534 350 summo

247 377 454 441 virgulta
492 386 541 427 et
578 378 744 427 densis
782 378 1040 428 hastilibus
1077 380 1276 430 horrida
1313 391 1509 444 myrtus.

245 460 432 509 accessi
472 459 781 524 viridemque
818 461 881 510 ab
919 463 1075 511 humo
1112 465 1390 512 convellere
1427 464 1599 514 silvam

246 551 465 601 conatus,
508 542 653 590 ramis
692 551 908 606 tegerem
945 552 999 592 ut
1034 543 1380 593 frondentibus
1416 562 1535 605 aras,
1873 566 1924 608 25

243 624 546 672 horrendum
586 632 634 672 et
673 623 809 673 dictu
847 624 993 674 video
1032 624 1255 674 mirabile
1293 634 1582 675 monstrum.

242 720 358 751 nam
396 721 523 767 quae
560 704 717 767 prima
755 706 862 754 solo
900 705 1054 770 ruptis
1093 705 1340 756 radicibus
1377 706 1523 756 arbos

240 784 445 844 vellitur,
487 785 603 833 huic
640 795 746 834 atro
785 786 1040 850 liquuntur
1078 787 1317 851 sanguine
1353 797 1520 852 guttae

239 874 289 913 et
325 874 502 914 terram
540 867 658 915 tabo
697 869 959 916 maculant.
1017 867 1159 916 *mihi
1195 867 1398 932 frigidus
1434 871 1606 918 horror

239 947 464 996 membra
501 947 658 1011 quatit
696 948 989 1012 gelidusque
1028 949 1127 998 coit
1163 948 1429 998 formidine
1465 948 1676 1014 sanguis.
1866 971 1921 1011 30

237 1045 401 1077 rursus
439 1038 488 1077 et
523 1029 720 1078 alterius
759 1031 949 1079 lentum
988 1032 1266 1080 convellere
1301 1031 1469 1079 vimen

236 1108 471 1173 insequor
507 1119 555 1159 et
593 1127 764 1159 causas
802 1111 999 1174 penitus
1038 1120 1279 1175 temptare
1315 1111 1544 1161 latentis:

233 1199 338 1240 ater
375 1201 423 1240 et
459 1192 656 1241 alterius
696 1192 916 1256 sequitur
953 1194 1018 1242 de
1054 1193 1237 1242 cortice
1273 1193 1484 1257 sanguis.

234 1275 390 1321 multa
426 1290 631 1323 movens
669 1274 837 1323 animo
876 1276 1137 1338 Nymphas
1174 1275 1443 1324 venerabar
1476 1274 1678 1338 agrestis

233 1354 608 1418 Gradivumque
646 1364 850 1419 patrem,
892 1355 1079 1405 Geticis
1117 1355 1202 1419 qui
1237 1356 1484 1420 praesidet
1519 1356 1660 1417 arvis,
1859 1377 1923 1419 35,

230 1435 321 1486 rite
358 1439 688 1486 secundarent
726 1436 858 1486 visus
897 1454 1147 1501 omenque
1183 1439 1414 1487 levarent.

230 1517 372 1567 tertia
408 1519 496 1567 sed
533 1527 800 1582 postquam
839 1518 1024 1568 maiore
1060 1518 1254 1567 hastilia
1286 1518 1397 1568 nisu

231 1599 494 1663 adgredior
531 1599 840 1663 genibusque
877 1602 1112 1649 adversae
1150 1601 1377 1649 obluctor
1412 1601 1626 1649 harenae

231 1681 456 1745 (eloquar
492 1697 556 1729 an
594 1680 765 1730 sileam
781 1679 822 1745 ?)
872 1681 1084 1745 gemitus
1121 1680 1436 1730 lacrimabilis
1472 1681 1574 1730 imo

226 1762 426 1811 auditur
463 1764 654 1811 tumulo
692 1772 741 1811 et
776 1780 872 1812 vox
907 1762 1101 1812 reddita
1137 1765 1286 1811 fertur
1320 1764 1386 1812 ad
1421 1762 1579 1811 auris:
1854 1784 1908 1823 40

230 1845 380 1908 ‘quid
418 1845 665 1905 miserum,
706 1848 892 1906 Aenea,
932 1847 1155 1895 laceras?
1201 1845 1300 1893 iam
1336 1862 1483 1908 parce
1520 1845 1729 1908 sepulto,

225 1942 372 1989 parce
408 1925 514 1988 pias
552 1927 788 1974 scelerare
827 1943 1016 1974 manus.
1091 1943 1194 1974 non
1231 1943 1311 1974 me
1347 1925 1438 1974 tibi
1474 1924 1624 1974 Troia

223 2017 480 2056 externum
519 2008 629 2056 tulit
666 2017 750 2056 aut
789 2025 931 2057 cruor
967 2007 1049 2056 hic
1086 2009 1150 2057 de
1187 2007 1351 2070 stipite
1388 2016 1567 2056 manat.

223 2090 321 2137 heu
358 2091 471 2152 fuge
508 2089 720 2138 crudelis
760 2098 922 2148 terras,
965 2091 1079 2152 fuge
1115 2088 1230 2137 litus
1267 2105 1498 2136 avarum:
1830 2149 1834 2151 Δ

221 2187 337 2218 nam
376 2172 650 2232 Polydorus
688 2187 793 2232 ego.
870 2169 952 2218 hic
989 2171 1240 2219 confixum
1277 2171 1431 2218 ferrea
1466 2167 1585 2218 texit
1847 2187 1898 2228 45

219 2254 430 2300 telorum
468 2268 605 2314 seges
644 2260 692 2300 et
729 2250 900 2299 iaculis
940 2250 1146 2300 increvit
1182 2250 1369 2299 acutis.'

219 2343 323 2381 tum
360 2350 476 2382 vero
512 2332 715 2396 ancipiti
755 2342 974 2382 mentem
1014 2332 1279 2382 formidine
1315 2348 1510 2395 pressus

217 2414 435 2478 obstipui
473 2423 811 2477 steteruntque
853 2431 1027 2463 comae
1066 2423 1114 2463 et
1150 2430 1245 2462 vox
1280 2412 1506 2461 faucibus
1542 2410 1711 2461 haesit.
1756 2461 1758 2463 .
1816 2411 1819 2413 ⁵

286 2498 441 2543 Hunc
479 2497 781 2558 Polydorum
821 2496 925 2544 auri
965 2497 1221 2559 quondam
1259 2511 1374 2543 cum
1410 2494 1633 2558 pondere
1669 2508 1851 2556 magno
1911 2559 1915 2561 ‚

215 2575 383 2624 infelix
420 2576 642 2625 Priamus
681 2577 847 2626 furtim
888 2579 1146 2627 mandarat
1182 2578 1418 2625 alendum
1840 2592 1916 2644 50*

215 2656 447 2705 Threicio
484 2657 596 2721 regi,
640 2675 755 2706 cum
791 2659 889 2706 iam
927 2659 1171 2708 diffideret
1206 2656 1353 2705 armis

215 2737 499 2788 Dardaniae
539 2739 769 2803 cingique
806 2740 980 2788 urbem
1018 2739 1281 2789 obsidione
1317 2737 1516 2786 videret.

214 2818 308 2879 ille,
345 2829 398 2868 ut
437 2836 558 2883 opes
597 2822 778 2869 fractae
814 2822 1065 2869 Teucrum
1102 2828 1150 2868 et
1189 2822 1407 2868 Fortuna
1443 2815 1656 2876 recessit,

213 2917 288 2949 res
327 2901 750 2964 Agamemnonias
786 2900 1102 2963 victriciaque
1138 2917 1274 2948 arma
1310 2907 1507 2948 secutus

394 3044 530 3081 22-54
550 3029 677 3069 FMP
921 3043 974 3081 33
1004 3030 1110 3070 alter
1129 3029 1211 3081 F71
1375 3040 1431 3079 39
1461 3026 1639 3077 eloquor
1656 3023 1722 3065 P²⁴
1768 3058 1770 3061 ,
