2014 3372
238 136 292 182 P.
331 135 630 182 VERGILI
670 133 996 182 MARONIS

235 282 531 336 auratasque
569 273 745 332 trabes,
786 281 1008 320 veterum
1045 272 1225 320 decora
1260 271 1359 320 alta
1394 278 1670 334 parentum,
1711 323 1715 326 ,

237 356 509 403 devolvunt
526 372 540 415 3
586 353 668 402 alii
705 352 882 401 strictis
919 352 1241 402 mucronibus
1277 351 1401 400 imas

237 436 480 484 obsedere
518 437 659 494 fores,
700 436 790 483 has
827 443 1022 483 servant
1056 433 1252 498 agmine
1288 435 1459 482 denso.
1830 451 1912 492 450

236 515 492 564 instaurati
527 515 681 564 animi
717 515 841 579 regis
878 532 1159 564 succurrere
1195 514 1336 563 tectis

237 596 521 660 auxilioque
557 599 718 646 levare
754 596 882 645 viros
919 596 1121 659 vimque
1156 597 1341 644 addere
1376 594 1530 644 victis.

307 678 486 727 Limen
523 688 625 727 erat
662 695 940 742 caecaeque
977 680 1105 727 fores
1142 686 1191 726 et
1226 677 1421 741 pervius
1457 693 1574 724 usus

240 770 483 809 tectorum
520 761 646 810 inter
682 778 734 810 se
772 759 966 820 Priami,
1007 763 1276 823 postesque
1311 758 1467 807 relicti

237 860 267 890 a
303 852 452 907 tergo,
493 843 663 892 infelix
699 860 797 906 qua
834 860 898 903 se,
940 845 1062 891 dum
1099 858 1248 905 regna
1285 841 1569 897 manebant,
1831 857 1912 898 455

240 924 437 987 saepius
474 926 831 973 Andromache
867 926 991 972 ferre
1026 923 1316 972 incomitata
1352 922 1543 971 solebat

238 1007 303 1054 ad
340 1022 539 1055 soceros
576 1015 625 1055 et
660 1023 754 1054 avo
791 1023 1001 1070 puerum
1037 1008 1340 1067 Astyanacta
1377 1002 1616 1051 trahebat.

239 1089 398 1136 evado
434 1088 500 1136 ad
536 1087 719 1135 summi
754 1087 946 1151 fastigia
982 1085 1225 1146 culminis,
1266 1086 1401 1134 unde

218 1170 336 1237 ‘tela
372 1185 525 1217 manu
562 1168 726 1217 miseri
763 1168 1013 1217 iactabant
1049 1167 1194 1216 inrita
1229 1166 1424 1215 Teucri.

238 1249 410 1297 turrim
446 1249 498 1297 in
534 1249 792 1313 praecipiti
828 1258 1042 1298 stantem
1079 1247 1386 1311 summisque
1422 1247 1517 1296 sub
1551 1254 1680 1295 astra
1833 1251 1916 1305 460

238 1333 472 1380 eductam
509 1331 665 1392 tectis,
708 1333 843 1380 unde
879 1331 1042 1380 omnis
1078 1330 1229 1379 Troia
1264 1328 1419 1379 videri

239 1422 287 1462 et
326 1416 559 1461 Danaum
596 1412 769 1462 solitae
805 1429 954 1461 naves
991 1421 1040 1460 et
1078 1410 1299 1460 Achaica
1334 1419 1507 1469 castra,

239 1495 457 1558 adgressi
494 1497 620 1544 ferro
657 1494 858 1555 circum,
897 1511 997 1557 qua
1032 1511 1227 1542 summa
1262 1492 1474 1541 labantis

239 1575 490 1625 iuncturas
527 1577 748 1625 tabulata
784 1576 984 1636 dabant,
1026 1574 1352 1623 convellimus
1388 1573 1498 1621 altis

239 1657 442 1706 sedibus
479 1657 897 1721 impulimusque3
946 1673 1004 1705 ea
1041 1658 1178 1719 lapsa
1213 1664 1416 1718 repente
1452 1653 1646 1702 ruinam
1834 1643 1913 1712 465

239 1756 355 1787 cum
392 1738 558 1787 sonitu
595 1739 742 1787 trahit
779 1747 827 1787 et
866 1741 1096 1786 Danaum
1134 1753 1281 1800 super
1315 1735 1514 1799 agmina
1548 1737 1646 1783 late

239 1819 424 1868 incidit,
498 1830 574 1868 ast
609 1820 692 1868 alii
728 1821 956 1879 subeunt,
997 1836 1091 1867 nec
1127 1835 1243 1866 saxa
1277 1834 1371 1866 nec
1408 1819 1564 1864 ullum

239 1903 450 1950 telorum
487 1901 674 1950 interea
710 1910 869 1949 cessat
904 1918 1072 1963 genus.

306 1982 625 2031 Vestibulum
661 1991 776 2030 ante
812 1981 975 2045 ipsum
1012 1980 1273 2045 primoque
1309 1979 1361 2028 in
1397 1978 1568 2027 limine
1605 1978 1818 2039 Pyrrhus

240 2066 448 2112 exsultat
485 2063 593 2111 telis
631 2072 680 2111 et
716 2065 827 2111 luce
863 2079 1097 2111 coruscus
1133 2065 1259 2110 aena
1275 2080 1290 2122 ,-
1834 2075 1916 2119 470

240 2144 398 2208 qualis
435 2144 523 2192 ubi
558 2143 610 2192 in
643 2146 807 2192 lucem
845 2144 1049 2192 coluber
1086 2145 1215 2190 mala
1251 2141 1473 2205 gramina
1508 2149 1691 2204 pastus,

239 2226 414 2290 frigida
451 2225 543 2273 sub
581 2234 706 2273 terra
743 2224 992 2273 tumidum
1028 2240 1179 2286 quem
1214 2224 1392 2271 bruma
1428 2222 1640 2285 tegebat,

240 2324 388 2366 nunc,
430 2306 602 2370 positis
639 2323 798 2355 novus
837 2305 1022 2354 exuviis
1059 2304 1346 2367 nitidusque
1382 2303 1594 2361 iuventa,

239 2388 428 2436 lubrica
465 2387 717 2437 convolvit
753 2388 950 2436 sublato
987 2396 1187 2450 pectore
1223 2395 1358 2450 terga
1766 2434 1769 2436 .

239 2471 421 2518 arduus
459 2470 524 2518 ad
561 2471 731 2529 solem,
773 2478 822 2517 et
858 2468 1036 2533 linguis
1075 2467 1224 2516 micat
1260 2485 1345 2516 ore
1380 2465 1605 2516 trisulcis.
1833 2482 1912 2526 475

239 2568 340 2598 una
375 2550 549 2614 ingens
588 2550 824 2613 Periphas
861 2560 910 2599 et
947 2567 1189 2613 equorum
1225 2548 1433 2612 agitator
1467 2545 1691 2606 Achillis,

239 2631 447 2695 armiger
483 2634 823 2691 Automedon,
863 2649 963 2680 una
998 2630 1161 2681 omnis
1199 2629 1365 2693 Scyria
1400 2629 1559 2693 pubes

294 2763 486 2811 448—468
515 2762 665 2810 FMP;
701 2764 783 2812 469
812 2761 924 2809 MP;
961 2775 1150 2811 470-477
1173 2760 1308 2800 MPV
1429 2761 1510 2809 448
1539 2759 1623 2799 alta
1642 2756 1916 2808 F²M7²a²bcn

238 2816 502 2857 Priscianus:
545 2817 614 2856 illa
639 2816 1100 2869 F¹P71(2)a1R2·bbeck
1285 2827 1367 2865 450
1397 2828 1443 2854 as
1473 2819 1644 2853 servant
1663 2811 1744 2852 Pl:
1775 2824 1912 2852 asser-

240 2876 342 2908 vant
362 2871 408 2922 7¹
429 2872 614 2922 agnoscit
629 2871 740 2910 Serv.
811 2882 891 2920 455
912 2870 1032 2922 dum]
1055 2871 1153 2909 ‘alii
1162 2884 1256 2909 cum
1276 2869 1437 2922 legunt'
1451 2868 1563 2909 Serv.
1648 2869 1730 2916 462
1748 2865 1914 2906 Achaia

239 2924 317 2963 Fc1
483 2928 563 2976 465
595 2939 646 2964 ea
666 2925 807 2977 lapsa]
830 2927 975 2976 elapsa
992 2925 1109 2976 P¹7a
1130 2925 1302 2964 Ribbeck
1460 2921 1661 2974 repente]
1684 2927 1838 2961 ruente
1852 2919 1913 2960 P.l

240 2980 362 3018 ruina
383 2979 453 3016 M1
566 2993 645 3029 474
678 2981 936 3019 convolvens
963 2979 1015 3017 V1
1034 2994 1042 3018 :
1075 2980 1331 3018 convolvent
1356 2977 1394 3014 V
1396 2979 1410 3000 ²
1432 2982 1479 3017 ut
1495 2977 1657 3017 videtur
