2014 3372
1345 141 1704 190 AENEIDOS
1741 141 1818 188 XI

154 287 237 328 aut
271 278 353 328 ille
388 276 439 327 in
474 286 641 343 pastus
676 286 998 342 armentaque
1033 279 1193 328 tendit
1227 296 1463 342 equarum

152 368 236 408 aut
270 361 505 408 adsuetus
540 376 698 422 aquae
733 359 963 423 perfundi
998 360 1201 409 flumine
1237 369 1358 410 noto

152 439 342 498 emicat,
381 439 677 503 arrectisque
712 440 874 489 fremit
909 440 1181 490 cervicibus
1215 443 1311 490 alte

152 518 398 568 luxurians
433 521 711 583 luduntque
746 520 892 570 iubae
927 538 1014 584 per
1049 523 1187 580 colla,
1226 538 1312 585 per
1346 538 1520 571 armos.

221 600 382 650 Obvia
416 600 497 649 cui
531 603 826 650 Volscorurn
862 602 968 651 acie
1004 602 1272 651 comitante
1307 602 1516 651 Camilla

152 680 361 729 occurrit
395 682 647 745 portisque
683 683 747 731 ab
783 700 914 746 equo
950 682 1116 745 regina
1151 683 1242 731 sub
1278 682 1395 746 ipsis

138 760 359 829 desiluit,
400 779 549 825 quam
586 772 689 812 tota
723 764 902 812 cohors
938 763 1127 812 imitata
1160 763 1338 812 relictis

149 843 214 890 ad
250 850 426 890 terram
461 843 665 892 defluxit
700 844 840 907 equis
857 863 870 905 3
906 853 1012 892 tum
1048 844 1163 892 talia
1196 846 1350 893 fatur:

154 924 359 982 ‘Turne,
400 923 475 972 sui
510 925 685 974 merito
720 924 762 973 si
797 942 896 988 qua
929 934 1003 974 est
1039 925 1221 974 fiducia
1254 924 1378 984 forti,

148 1004 311 1052 audeo
346 1013 395 1053 et
431 1007 724 1054 Aeneadum
760 1005 996 1069 promitto
1031 1023 1283 1055 occurrere
1318 1015 1507 1054 turmae

149 1084 351 1146 solaque
387 1086 667 1147 Tyrrhenos
703 1086 893 1149 equites
929 1086 997 1135 ire
1033 1086 1180 1135 obvia
1214 1094 1396 1135 contra.

149 1180 229 1212 me
266 1164 370 1214 sine
405 1165 563 1229 prima
598 1184 749 1215 manu
786 1176 1025 1231 temptare
1059 1167 1276 1231 pericula
1309 1165 1439 1225 belli,

148 1253 200 1292 tu
236 1247 389 1308 pedes
425 1249 489 1296 ad
525 1265 691 1297 muros
727 1247 938 1297 subsiste
973 1257 1023 1297 et
1058 1247 1255 1296 moenia
1290 1249 1455 1295 serva.'

147 1327 345 1375 Turnus
381 1329 446 1376 ad
482 1329 606 1378 haec
642 1331 812 1378 oculos
849 1330 1094 1378 horrenda
1128 1327 1180 1375 in
1214 1327 1399 1391 virgine
1435 1329 1587 1376 fixus:

151 1411 208 1456 ‘o
244 1409 396 1457 decus
434 1409 606 1459 Italiae
641 1409 787 1473 virgo,
828 1426 950 1472 quas
986 1409 1149 1458 dicere
1183 1417 1342 1471 grates

146 1504 330 1550 quasve
365 1491 540 1539 referre
576 1493 781 1553 parem?
828 1492 916 1539 sed
951 1507 1097 1548 nunc,
1138 1499 1211 1538 est
1246 1489 1415 1538 omnia
1450 1490 1651 1553 quando

145 1568 235 1618 iste
270 1569 464 1619 animus
501 1588 658 1634 supra,
698 1588 893 1619 mecum
930 1570 1107 1633 partire
1143 1571 1375 1618 laborem.

144 1651 351 1709 Aeneas,
392 1660 446 1698 ut
481 1652 611 1698 fama
646 1652 798 1700 fidem
834 1650 1069 1713 missique
1105 1659 1353 1713 reportant

144 1732 485 1792 exploratores,
527 1730 749 1794 equitum
786 1731 911 1780 levia
946 1731 1200 1794 improbus
1234 1747 1369 1778 arma

143 1810 405 1872 praemisit,
447 1820 704 1874 quaterent
740 1828 974 1874 campos,
1013 1811 1118 1874 ipse
1153 1813 1307 1860 ardua
1342 1811 1524 1859 montis

143 1906 229 1952 per
264 1893 457 1940 deserta
492 1892 607 1955 iugo
643 1909 877 1955 superans
912 1893 1146 1940 adventat
1180 1893 1244 1940 ad
1281 1892 1466 1941 urbem.

142 1972 268 2019 furta
303 1989 422 2035 paro
458 1972 575 2021 belli
611 1989 832 2021 convexo
868 1972 920 2019 in
955 1972 1148 2020 tramite
1184 1971 1345 2030 silvae,

142 2060 196 2099 ut
231 2052 386 2102 bivias
422 2062 610 2102 armato
647 2052 874 2101 obsidam
911 2052 1064 2101 milite
1100 2054 1277 2101 fauces.

142 2141 194 2180 tu
231 2136 540 2196 Tyrrhenum
578 2134 795 2197 equitem
832 2126 1038 2182 conlatis
1074 2133 1243 2196 excipe
1280 2132 1428 2196 signis
1446 2152 1460 2193 ;

141 2222 306 2262 tecum
342 2232 452 2264 acer
491 2218 751 2279 Messapus
788 2214 877 2263 erit
913 2223 1200 2276 turmaeque
1236 2213 1441 2263 Latinae

140 2288 434 2358 Tiburtique
470 2314 658 2356 manus,
699 2296 840 2344 ducis
877 2303 926 2344 et
961 2304 1014 2342 tu
1051 2294 1257 2357 concipe
1293 2297 1490 2343 curam.'

140 2375 210 2423 sic
245 2376 324 2434 ait,
365 2386 412 2425 et
449 2378 646 2440 paribus
684 2380 973 2440 Messapum
1009 2375 1061 2423 in
1096 2375 1281 2438 proelia
1315 2375 1459 2424 dictis

140 2456 359 2504 hortatur
395 2457 654 2520 sociosque
691 2460 843 2507 duces
880 2467 929 2507 et
963 2457 1119 2520 pergit
1155 2456 1205 2503 in
1240 2457 1447 2505 hostem.

207 2539 296 2584 Est
331 2553 480 2586 curvo
514 2540 735 2586 anfractu
770 2540 932 2597 valles,
971 2539 1297 2586 accommoda
1331 2537 1488 2586 fraudi

138 2633 485 2679 armorumque
520 2619 660 2677 dolis,
701 2636 850 2682 quam
887 2619 1054 2668 densis
1090 2618 1346 2667 frondibus
1381 2626 1541 2665 atrum

138 2706 276 2759 urget
311 2697 557 2761 utrimque
592 2701 731 2758 latus,
772 2699 932 2748 tenuis
969 2717 1069 2762 quo
1106 2698 1281 2747 semita
1315 2697 1451 2746 ducit

138 2785 473 2840 angustaeque
507 2780 669 2827 ferunt
704 2781 869 2829 fauces
905 2780 1167 2842 aditusque
1204 2778 1416 2842 maligni.

1735 378 1815 421 495

1735 779 1822 823 500‘

1734 1187 1812 1228 505

1730 1591 1814 1630 510

1731 1995 1808 2034 515

1726 2398 1807 2437 520

1722 2799 1799 2839 525

192 2917 378 2955 494—525
400 2905 531 2945 MPR
703 2920 783 2957 495
813 2921 921 2957 aqua
948 2907 1123 2960 Madvig
1281 2921 1359 2959 507
1392 2909 1568 2961 fixos7:
1591 2908 1687 2948 fixis
1701 2908 1801 2948 M¹c¹

139 2969 220 3008 510
248 2966 421 3010 superat
436 2961 502 3000 Μ1
632 2971 710 3011 515
741 2975 957 3002 convexae
978 2978 1005 3000 π
1015 2963 1165 3014 probat
1178 2963 1350 3003 KviZala
