2014 3372
214 136 266 182 P.
309 135 606 194 VERGILI
647 135 974 186 MARONIs

214 292 312 338 qua
346 274 450 324 visa
485 284 559 324 est
598 278 819 324 Fortuna
853 274 956 337 pati
994 277 1278 339 Parcaeque
1313 274 1544 324 sinebant

214 358 390 405 cedere
426 373 501 404 res
539 355 696 415 Latio,
738 358 966 404 Turnum
1002 366 1052 405 et
1088 365 1173 405 tua
1208 355 1406 406 moenia
1441 356 1567 405 texi:

213 455 348 486 nunc
383 437 616 487 iuvenem
651 437 922 501 imparibus
958 437 1107 487 video
1143 455 1434 488 concurrere
1469 438 1595 498 fatis,

214 521 579 582 Parcarumque
616 518 723 567 dies
760 527 810 570 et
844 518 917 568 vis
954 518 1155 568 inimica
1189 519 1503 582 propinquat.
1815 539 1895 580 150

214 616 316 648 non
353 617 572 663 pugnam
607 599 830 663 aspicere
866 601 997 648 hanc
1033 600 1204 660 oculis,
1243 617 1346 649 non
1382 601 1584 649 foedera
1618 617 1838 664 possum.
1875 626 1879 629 ·

213 689 268 729 tu
304 697 395 743 pro
431 698 669 744 germano
705 680 747 729 si
782 680 906 744 quid
942 680 1249 745 praesentius
1285 683 1455 742 audes,

213 778 359 825 perge
378 779 391 822 ,·
438 763 596 811 decet.
679 764 844 811 forsan
881 761 1086 811 miseros
1124 762 1327 812 meliora
1362 764 1659 826 sequentur.'

213 846 292 895 vix
327 865 399 907 ea,
439 865 555 896 cum
591 847 819 896 lacrimas
854 847 1011 896 oculis
1049 849 1256 897 Iuturna
1291 847 1511 911 profudit

213 938 386 993 terque
421 939 697 993 quaterque
733 947 886 979 manu
921 939 1095 993 pectus
1132 929 1372 993 percussit
1407 931 1688 980 honestum.
1814 948 1892 991 ¹55

218 1014 351 1059 ‘non
387 1011 602 1060 lacrimis
638 1013 736 1060 hoc
772 1013 997 1075 tempus'
1033 1011 1101 1060 ait
1138 1010 1366 1059 Saturnia
1401 1012 1534 1061 Iuno
1551 1029 1566 1071 3

217 1094 468 1142 ‘accelera
504 1102 554 1142 et
588 1094 801 1153 fratrem,
842 1092 884 1141 si
919 1092 1029 1156 quis
1066 1094 1259 1152 modus,
1300 1092 1434 1154 eripe
1469 1091 1652 1154 morti,

213 1183 298 1223 aut
333 1184 387 1223 tu
422 1175 556 1224 bella
591 1174 667 1223 cie
703 1183 1108 1238 conceptumque
1144 1183 1319 1223 excute
1354 1175 1544 1226 foedus

213 1264 385 1304 auctor
422 1273 516 1319 ego
551 1256 804 1305 audendi.'
875 1255 947 1304 sic
983 1257 1239 1305 exhortata
1273 1254 1471 1318 reliquit

213 1337 452 1387 incertam
489 1348 539 1387 et
574 1338 698 1387 tristi
734 1338 982 1387 turbatam
1018 1340 1219 1389 vulnere
1255 1337 1449 1386 mentiS.
1818 1344 1896 1386 160

283 1422 481 1470 Interea
516 1438 668 1484 reges,
707 1420 897 1483 ingenti
933 1422 1066 1470 mole
1103 1419 1310 1468 Latinus

214 1501 507 1565 quadriiugo
542 1501 738 1550 vehitur
773 1518 918 1550 curru
956 1500 1058 1564 (cui
1094 1510 1319 1564 tempora
1354 1500 1541 1549 circum

212 1582 370 1631 aurati
406 1583 481 1632 bis
520 1601 605 1632 sex
640 1582 763 1632 radii
800 1582 1038 1647 fulgentia
1073 1582 1291 1646 cingunt,

215 1664 341 1714 Solis
377 1664 455 1713 avi
492 1663 782 1730 specimen),
822 1664 948 1728 bigis
985 1664 1022 1714 it
1058 1667 1256 1713 Turnus
1293 1663 1344 1712 in
1380 1663 1518 1724 albis,

213 1746 332 1795 bina
368 1764 520 1795 manu
557 1749 657 1796 lato
695 1746 914 1810 crispans
951 1745 1146 1795 hastilia
1180 1748 1319 1795 ferro.
1814 1751 1894 1806 ,165

213 1828 331 1877 hinc
368 1838 506 1892 pater
542 1832 754 1888 Aeneas,
796 1830 1059 1878 Romanae
1095 1827 1257 1891 stirpis
1294 1827 1445 1892 origo,

214 1910 407 1959 sidereo
444 1913 653 1974 flagrans
691 1910 852 1973 clipeo
890 1919 939 1958 et
975 1909 1270 1958 caelestibus
1306 1909 1454 1958 armis

214 2001 263 2041 et
298 1991 432 2040 iuxta
467 1991 727 2051 Ascanius,
767 2008 976 2054 magnae
1012 2007 1124 2054 spes
1160 1992 1312 2040 altera
1349 1993 1555 2049 Romae,

214 2075 493 2136 procedunt
530 2072 711 2131 castris,
752 2089 975 2136 puraque
1011 2072 1062 2120 in
1099 2081 1235 2121 veste
1272 2073 1502 2121 sacerdos

214 2154 439 2218 saetigeri
475 2157 631 2203 fetum
668 2153 768 2203 suis
804 2154 1156 2217 intonsamque
1191 2153 1449 2203 bidentem
1818 2168 1898 2212 170

213 2236 376 2285 attulit
412 2236 735 2299 admovitque
772 2252 924 2299 pecus
962 2235 1282 2299 flagrantibus
1318 2234 1425 2283 aris.

213 2316 283 2365 illi
319 2318 383 2366 ad
421 2325 704 2380 surgentem
741 2316 967 2365 conversi
996 2316 1193 2365 'lumina
1229 2317 1386 2365 solem

215 2400 336 2447 dant
372 2400 533 2461 fruges
571 2398 802 2447 manibus
839 2400 990 2448 salsas
1027 2407 1076 2447 et
1112 2407 1337 2461 tempora
1372 2399 1499 2447 ferro

216 2497 410 2528 summa
446 2489 622 2531 notant
657 2481 923 2543 pecudum,
962 2479 1243 2543 paterisque
1278 2479 1449 2528 altaria
1484 2478 1653 2528 libant.

283 2563 414 2609 Tum
452 2560 563 2624 pius
599 2564 798 2610 Aeneas
837 2561 1005 2610 stricto
1044 2560 1113 2609 sic
1150 2577 1269 2609 ense
1305 2569 1560 2624 precatur:
1811 2576 1893 2621 ‘¹75

220 2646 356 2690 ‘esto
380 2660 526 2690 *nunc
564 2644 648 2691 Sol
685 2642 821 2692 testis
858 2651 907 2690 et
943 2644 1068 2691 haec
1105 2642 1226 2690 mihi
1263 2645 1416 2692 Terra
1450 2641 1661 2701 vocanti,

216 2740 366 2786 quam
403 2733 602 2787 propter
639 2732 803 2791 tantos
840 2723 981 2787 potui
1016 2725 1228 2786 perferre
1264 2724 1470 2783 labores,

275 2868 462 2905 147—177
487 2854 618 2893 MPR
844 2866 917 2904 151
952 2855 993 2892 in
1016 2855 1193 2894 foedere
1216 2854 1284 2892 Ml
1447 2856 1519 2893 161
1554 2867 1631 2894 rex
1652 2853 1817 2904 ingenti
1839 2852 1894 2893 de

218 2910 328 2947 mole
358 2909 427 2947 Ml
602 2909 679 2947 162
709 2910 920 2959 quadrigo
948 2908 1036 2961 ΡὙ1
1206 2922 1285 2959 170
1315 2910 1555 2959 saetigerae
1585 2913 1679 2947 ante
1704 2907 1894 2946 Pierium

217 2964 411 3014 legebant,
437 2967 475 3002 et
479 2964 664 3013 fortasse
683 2964 837 3002 invenit
855 2963 909 3003 D.
934 2963 1053 3004 Serv.
1175 2965 1254 3014 176
1283 2964 1474 3015 precanti
1498 2962 1683 3022 M7²b²crr
1701 2961 1815 3002 Serv.
