2014 3372
1327 157 1688 207 AENEIDOS
1725 159 1833 207 XII

169 292 381 344 dimensi
419 293 694 357 Rutulique
727 292 818 343 viri
854 293 1134 357 Teucrique
1170 294 1411 357 parabant

168 374 219 423 in
256 375 523 439 medioque
558 377 697 424 focos
733 384 782 424 et
818 374 894 424 dis
930 374 1282 424 communibus
1318 392 1425 424 aras

167 456 453 520 gramineas.
527 456 609 505 alii
644 458 934 520 fontemque
969 456 1235 519 ignemque
1270 457 1494 506 ferebant

167 536 313 586 velati
348 537 468 586 limo
505 546 554 586 et
588 537 804 586 verbena
839 534 1260 600 tempora'vincti.
1758 557 1835 585 120

167 618 391 682 procedit
426 619 555 683 legio
590 618 922 679 Ausonidum,
960 618 1211 683 pilataque
1246 619 1406 683 plenis

167 699 364 763 agmina
400 717 452 749 se
487 702 704 750 fundunt
739 699 904 764 portis.
978 699 1095 749 hinc
1132 700 1311 749 Troius
1348 700 1511 750 omnis

146 783 550 844 .Tyrrhenusque
586 781 681 829 ruit
716 780 858 830 variis
896 781 1137 830 exercitus
1172 782 1335 842 armis,

167 862 302 910 haud
338 878 479 910 secus
515 861 740 911 instructi
774 864 901 911 ferro
938 879 1088 925 quarn
1125 862 1166 911 si
1200 879 1373 926 aspera
1411 863 1584 912 Martis

166 958 332 1006 pugna
367 952 522 992 vocet.
596 959 690 992 nec
725 960 827 992 non
864 942 1041 992 mediis
1078 943 1129 991 in
1166 943 1365 992 milibus
1402 943 1496 1006 ipsi
1758 961 1830 1002 1²5

167 1025 396 1073 ductores
432 1040 552 1073 auro
587 1023 793 1073 volitant
829 1033 1062 1087 ostroque
1098 1024 1309 1087 superbi,

167 1115 215 1154 et
250 1122 405 1170 genus
441 1106 668 1155 Assaraci
706 1108 1000 1155 Mnestheus
1036 1116 1085 1155 et
1121 1106 1257 1155 fortis
1294 1106 1454 1155 Asilas

167 1196 216 1236 et
253 1189 513 1250 Messapus
550 1203 734 1250 equum
770 1187 997 1247 domitor,
1039 1187 1292 1250 Neptunia
1327 1189 1501 1250 proles.

166 1277 319 1331 utque
355 1270 473 1317 dato
509 1267 649 1332 signo
686 1268 842 1331 spatia
877 1267 927 1316 in
964 1285 1052 1316 sua
1089 1268 1298 1331 quisque
1333 1268 1544 1329 recessit,

167 1351 387 1412 defigunt
424 1351 595 1398 tellure
630 1351 794 1398 hastas
832 1359 880 1399 et
916 1358 1054 1398 scuta
1089 1349 1340 1398 reclinant.
1757 1370 1832 1409 130

166 1440 273 1478 tum
310 1430 475 1480 studio
511 1433 692 1480 effusae
729 1440 908 1480 matres
945 1440 993 1480 et
1028 1433 1201 1494 vulgus
1236 1430 1481 1479 inermum

166 1511 467 1574 invalidique
503 1528 644 1560 senes
681 1511 822 1560 turris
858 1528 917 1560 ac
952 1521 1084 1560 tecta
1119 1514 1382 1560 domorum

166 1593 419 1651 obsedere,
458 1591 539 1640 alii
576 1591 728 1654 portis
767 1592 1062 1640 sublimibus
1098 1601 1272 1640 astant.

233 1676 301 1721 At
338 1675 466 1721 Iuno
503 1690 531 1721 e
567 1689 776 1732 summo,
818 1672 902 1736 qui
939 1689 1072 1721 nunc
1108 1673 1334 1722 Albanus
1370 1674 1580 1722 habetur

168 1754 293 1817 (tum
330 1770 492 1816 neque
528 1770 713 1802 nornen
750 1762 852 1802 erat
888 1769 1050 1816 neque
1086 1755 1247 1802 honos
1282 1763 1368 1802 aut
1402 1754 1556 1817 gloria
1590 1754 1782 1820 monti),

165 1834 467 1898 prospiciens
504 1837 697 1884 tumulo
733 1852 966 1898 campum
1001 1836 1287 1899 aspectabat
1323 1845 1372 1884 et
1406 1836 1577 1885 ambas
1753 1845 1830 1895 136

166 1919 468 1965 Laurentum
505 1919 794 1979 Troumque
829 1916 960 1965 acies
996 1917 1271 1980 urbemque
1309 1916 1485 1964 Latini.

165 2000 411 2061 extemplo
447 1997 604 2045 Turni
641 1997 710 2045 sic
747 2006 820 2045 est
856 1999 1022 2045 adfata
1057 2013 1275 2046 sororem

164 2079 277 2128 diva
312 2081 472 2139 deam,
513 2079 694 2142 stagnis
732 2095 859 2142 quae
895 2077 1282 2141 fluminibusque
1319 2078 1508 2127 sonoris

162 2160 408 2222 praesidet
435 2161 589 2227 (hunc
625 2161 694 2210 illi
730 2178 813 2210 rex
848 2159 1060 2209 aetheris
1095 2161 1222 2207 altus
1258 2161 1499 2208 honorem
1752 2180 1828 2222 140

166 2242 387 2305 Iuppiter
422 2252 589 2305 erepta
623 2260 712 2306 pro
747 2242 1023 2306 virginitate
1059 2239 1313 2304 sacravit):

167 2327 428 2388 ‘nympha,
467 2328 619 2375 decus
655 2325 931 2385 fluviorum,
970 2323 1137 2372 animo
1173 2321 1446 2385 gratissima
1480 2331 1661 2381 nostro,

164 2405 256 2453 scis
294 2415 347 2454 ut
383 2416 431 2455 te
468 2406 657 2455 cunctis
694 2423 859 2466 unam,
899 2421 1244 2469 quaecumque
1280 2402 1486 2451 Latinae

163 2487 464 2550 magnanimi
503 2487 635 2536 Iovis
674 2486 917 2551 ingratum
955 2488 1224 2536 ascendere
1261 2484 1437 2543 cubile,

161 2567 472 2631 praetulerim
509 2568 731 2631 caelique
766 2568 926 2617 libens
961 2568 1012 2616 in
1048 2577 1185 2631 parte
1220 2565 1451 2615 locarim:
1750 2585 1824 2625 145

163 2649 298 2699 disce
333 2661 487 2712 tuum,
526 2670 590 2702 ne
626 2670 706 2702 me
742 2652 949 2713 incuses,
991 2656 1210 2711 Iuturna,
1250 2653 1486 2700 dolorem.

221 2781 407 2829 117—146
427 2780 557 2818 MPR
672 2794 746 2829 117
778 2782 968 2820 demensi
990 2781 1110 2832 M7¹⁶
1120 2781 1290 2820 Ribbeck
1402 2792 1478 2818 120
1507 2778 1605 2817 limo
1629 2778 1829 2829 reliquisse

166 2832 387 2885 Vergilium
414 2839 615 2873 testantur
641 2835 773 2886 Caper
798 2840 835 2874 et
862 2837 1061 2887 Hyginus
1091 2835 1207 2886 apud
1235 2835 1349 2874 Serv.
1373 2848 1380 2872 :
1425 2835 1512 2873 lino
1541 2833 1652 2872 codd.
1668 2837 1831 2884 praeter

160 2887 376 2927 Partis-inas
404 2888 497 2938 duo,
519 2888 632 2928 Serv.
807 2903 882 2939 124
913 2889 1048 2941 ferro]
1077 2890 1189 2928 bello
1219 2888 1272 2926 M
1446 2890 1523 2927 126
1551 2888 1721 2938 superbi
1751 2885 1823 2924 M:

162 2942 307 2980 decori
338 2944 451 2981 ceteri
624 2956 701 2993 130
731 2943 869 2982 telluri
889 2943 1013 2982 Rb²crr
1182 2957 1258 2993 132
1287 2941 1358 2994 ac]
1378 2949 1420 2982 et
1441 2941 1579 2981 Mb²crr
1747 2953 1824 2991 133

161 2995 319 3035 instant
341 2996 383 3033 R
532 3010 607 3046 142
630 2997 846 3037 carissima
868 2997 976 3049 PR7
1145 3011 1221 3047 143
1255 2997 1415 3037 Latinis
1436 2995 1541 3047 P²71

212 3074 265 3101 νε
272 3073 342 3101 Ro.
1657 3067 1710 3105 27
