2014 3372
1318 169 1679 218 AENEIDOS
1718 168 1802 216 III

135 323 230 355 nec
264 306 428 356 minus
462 308 816 357 Andromache
851 307 1072 370 digressu
1106 315 1295 356 maesta
1329 323 1562 370 supremo

135 392 227 440 fert
260 391 525 455 picturatas
560 391 665 440 auri
700 391 980 441 subtemine
1015 391 1164 440 vestis

136 481 185 521 et
221 472 481 534 Phrygiam
516 472 735 522 Ascanio
770 474 1083 535 chlamydem
1122 471 1235 537 (nec
1270 472 1403 522 cedit
1438 471 1648 536 honore)

135 552 484 615 textilibusque
520 562 690 602 onerat
725 553 884 613 donis,
922 570 981 602 ac
1017 553 1132 602 talia
1166 555 1308 602 fatur÷
1721 563 1815 614 485.

139 632 336 697 ‘accipe
372 643 421 682 et
455 636 593 694 haec,
631 652 871 683 manuum
906 634 998 683 tibi
1033 651 1160 697 quae
1196 634 1505 683 monimenta
1538 649 1760 682 mearum

137 714 248 773 sint,
287 731 420 778 puer,
460 725 510 764 et
544 717 749 779 longum
784 717 1167 765 Andromachae
1202 725 1444 765 testentur
1477 732 1714 774 amorem,

137 794 360 858 coniugis
398 798 691 845 Hectoreae.
765 813 887 860 cape
923 798 1058 845 dona
1092 806 1309 846 extrema
1342 806 1555 855 tuorum,

139 894 171 926 ο
206 876 328 925 mihi
363 880 468 927 sola
501 877 600 927 mei
636 895 782 941 super
815 878 1127 940 Astyanactis
1163 878 1341 942 imago.

138 958 209 1007 sic
244 961 427 1018 oculos,
468 959 537 1008 sic
572 959 654 1009 ille
690 977 878 1019 manus,
918 960 989 1008 sic
1025 977 1111 1009 ora
1144 961 1332 1009 ferebat
1346 978 1363 1021 3
1727 979 1809 1019 490

138 1049 189 1089 et
223 1057 357 1088 nunc
391 1040 585 1104 aequali
620 1050 786 1090 tecum
822 1042 1114 1105 pubesceret
1148 1043 1301 1090 aeVO.'

138 1124 232 1170 hos
267 1138 360 1184 ego
395 1121 674 1185 digrediens
710 1122 922 1171 lacrimis
957 1123 1161 1172 adfabar
1195 1123 1413 1172 obortis:

144 1203 317 1253 ‘vivite
352 1204 533 1264 felices,
575 1205 755 1268 quibus
792 1216 866 1255 est
900 1207 1098 1255 fortuna
1132 1214 1332 1269 peracta

139 1285 239 1334 iam
275 1302 391 1334 sua:
437 1303 528 1334 nos
565 1286 661 1335 alia
695 1304 755 1335 ex
789 1286 896 1335 aliis
931 1286 983 1334 in
1018 1288 1119 1335 fata
1152 1303 1400 1336 vocamur.

139 1366 282 1416 vobis
317 1377 456 1431 parta
490 1368 659 1431 quies:
701 1371 893 1417 nullum
930 1368 1075 1417 maris
1110 1385 1297 1432 aequor
1331 1370 1587 1428 arandum,
1728 1390 1808 1429 495

140 1466 255 1497 arva
289 1466 452 1511 neque
487 1449 741 1498 Ausoniae
778 1466 972 1513 semper
1007 1449 1236 1499 cedentia
1270 1459 1399 1499 retro

141 1531 437 1593 quaerenda.
511 1530 721 1594 effigiem
758 1530 947 1579 Xanthi
982 1530 1285 1594 Troiamque
1319 1530 1500 1580 videtis

142 1628 293 1674 quarn
329 1620 517 1660 vestrae
551 1613 713 1660 fecere
749 1628 939 1670 manus,
979 1611 1280 1671 melioribus,
1319 1621 1453 1675 opto,

141 1693 386 1756 auspiciis,
426 1702 475 1742 et
511 1710 638 1756 quae
673 1693 817 1742 fuerit
854 1693 1018 1742 minus
1054 1693 1201 1743 obvia
1237 1693 1392 1743 Grais.

143 1774 184 1823 si
220 1776 422 1837 quando
458 1774 699 1837 Thybrim
734 1774 996 1838 vicinaque
1031 1774 1297 1837 Thybridis
1333 1792 1448 1824 arva
1735 1796 1815 1834 500

143 1858 325 1906 intraro
359 1857 593 1921 gentique
628 1875 769 1907 meae
805 1860 923 1908 data
956 1858 1156 1907 moenia
1190 1876 1403 1918 cernam,

145 1948 377 2003 cognatas
413 1941 560 1988 urbes
597 1939 716 1988 olim
754 1941 1069 2003 populosque
1104 1940 1424 2003 propinquos,

146 2020 299 2083 Epiro
337 2020 633 2083 Hesperiam
671 2020 875 2085 (quibus
911 2020 1047 2069 idem
1085 2022 1348 2069 Dardanus
1383 2030 1556 2070 auctor

146 2110 294 2163 atque
329 2101 463 2149 idem
501 2101 679 2165 casus),
719 2118 871 2149 unam
907 2101 1145 2150 faciemus
1180 2110 1440 2164 utramque

146 2183 348 2232 Troiam
383 2183 589 2232 animis:
632 2193 830 2233 maneat
865 2193 1060 2233 nostros
1096 2202 1156 2234 ea
1189 2201 1306 2234 cura
1340 2187 1579 2247 nepotes.'
1735 2203 1813 2244 505

216 2265 537 2314 Provehimur
571 2267 748 2328 pelago
784 2265 947 2314 vicina
982 2265 1228 2315 Ceraunia
1261 2265 1406 2325 iuxta,

147 2348 283 2396 unde
318 2346 409 2396 iter
446 2346 639 2395 Italiam
677 2363 949 2410 cursusque
984 2346 1301 2395 brevissimus
1336 2346 1496 2395 undis.

149 2430 222 2476 sol
257 2427 354 2476 ruit
387 2427 573 2476 interea
608 2437 658 2477 et
694 2437 888 2477 montes
925 2429 1216 2476 umbrantur
1250 2426 1406 2491 opaci.

149 2509 411 2558 sternimur
445 2518 642 2573 optatae
677 2509 865 2573 gremio
902 2509 1086 2558 telluris
1122 2510 1187 2557 ad
1223 2510 1410 2557 undam

150 2589 305 2638 sortiti
340 2607 502 2639 remos
538 2590 822 2654 passimque
858 2590 910 2638 in
945 2590 1086 2639 litore
1122 2590 1255 2639 sicco
1737 2611 1817 2651 510

150 2688 356 2735 corpora
390 2689 647 2721 curamus:
689 2674 844 2721 fessos
881 2689 1030 2735 sopor
1065 2671 1239 2735 inrigat
1274 2681 1418 2720 artus.

150 2755 367 2802 necdum
403 2754 575 2802 orbem
611 2754 833 2803 medium
870 2771 969 2802 nox
1006 2754 1160 2802 Horis
1196 2763 1306 2802 acta
1341 2753 1568 2802 subibat:

204 2873 393 2921 482-512
421 2871 550 2911 GMP
794 2874 874 2922 483
903 2873 1169 2921 subtegmine
1199 2870 1380 2922 GM7¹b¹
1544 2873 1624 2920 484
1654 2873 1817 2911 honore

150 2925 263 2974 P7¹a
281 2925 468 2965 Scaurus
486 2925 603 2976 apud
617 2924 729 2965 Serv.
749 2940 758 2964 :
789 2927 943 2965 honori
967 2925 1171 2978 GM7²bcrr
1188 2925 1301 2965 Serv.
1547 2939 1630 2975 499
1658 2926 1817 2965 fuerint

152 2978 327 3030 MP7¹c¹>
349 2982 531 3031 agnosca
555 2980 695 3020 Sem:
727 2980 861 3019 fueris
893 2980 946 3018 G¹
1203 2993 1284 3031 503
1314 2981 1529 3030 Hesperia
1557 2979 1674 3020 Pb²c²
1699 2979 1813 3020 Serv.

152 3046 233 3084 504
263 3034 465 3073 faciamus
487 3034 523 3072 G
668 3046 748 3084 510
777 3034 914 3074 sortiti
936 3035 1126 3084 requiem
1138 3036 1332 3087 proponit
1349 3035 1539 3074 Deuticke

1629 3093 1704 3135 12*
