2014 3372
1332 147 1692 197 AENEIDOS
1729 146 1806 194 XI

142 294 430 361 praecipitat
465 296 612 357 longe
648 302 697 343 et
732 291 883 342 vitam
920 290 1155 355 dispergit
1190 289 1242 339 in
1277 306 1433 338 auras.

213 378 478 440 Extemplo
515 375 738 424 turbatae
774 373 917 434 acies,
957 372 1183 435 versique
1219 370 1386 420 Latini

144 456 352 506 reiciunt
387 473 579 520 parmas
616 464 664 505 et
700 471 854 518 equos
890 455 955 503 ad
991 452 1190 502 moenia
1225 461 1434 500 vertunt.

146 541 302 587 Troes
337 547 501 600 agunt,
539 537 767 601 princeps
804 545 988 584 turmas
1023 533 1215 582 inducit
1250 533 1426 582 Asilas.
1732 538 1812 578 620

147 619 344 681 iamque
379 617 779 682 propinquabant
814 615 967 679 portis
1003 631 1269 678 rursusque
1305 612 1472 662 Latini

148 702 415 748 clamorem
451 701 630 747 tollunt
666 708 715 746 et
749 697 918 746 mollia
954 698 1081 745 colla
1115 697 1410 754 reflectunt,

146 780 200 841 ‚hi
236 780 428 844 fugiunt
463 779 760 843 penitusque
796 778 923 827 datis
959 779 1233 826 referuntur
1268 773 1491 824 habenis.

151 861 308 924 qualis
344 861 431 909 ubi
465 863 654 909 alterno
689 876 980 923 procurrens
1016 858 1204 921 gurgite
1240 866 1423 920 pontus

152 960 285 992 nunc
321 942 415 991 ruit
451 944 515 991 ad
551 946 728 990 terram
765 942 1097 1004 scopulosque
1134 936 1396 1001 superiacit
1431 936 1568 984 unda
1737 942 1816 993 625

153 1041 386 1087 spumeus
424 1033 792 1085 extremamque
829 1021 939 1070 sinu
975 1019 1227 1084 perfundit
1262 1020 1512 1075 harenam,

153 1122 287 1153 nune
323 1104 522 1167 rapidus
558 1113 687 1153 retro
723 1113 872 1166 atque
907 1111 1046 1150 aestu
1082 1101 1303 1149 revoluta
1339 1098 1598 1148 resorbens

154 1203 269 1234 saxa
304 1185 425 1247 fugit
461 1185 676 1247 litusque
711 1185 841 1232 vado
878 1183 1076 1230 labente
1112 1179 1373 1242 relinquit:

154 1267 230 1316 bis
266 1266 419 1315 Tusci
457 1268 670 1318 Rutulos
707 1281 848 1328 egere
883 1265 948 1313 ad
985 1262 1183 1312 moenia
1218 1278 1398 1319 versos,

155 1347 231 1396 bis
267 1347 434 1396 reiecti
469 1347 618 1395 armis
655 1354 933 1409 respectant
970 1354 1103 1407 terga
1138 1351 1372 1406 tegentes.
1740 1346 1821 1397 630

157 1428 298 1477 tertia
334 1430 423 1476 sed
459 1437 725 1491 postquam
762 1426 1010 1490 congressi
1046 1426 1097 1474 in
1134 1424 1322 1489 proelia
1356 1432 1484 1472 totas
1676 1426 1680 1429 ’

156 1510 441 1573 implicuere
477 1509 603 1558 inter
639 1527 691 1558 se
726 1509 856 1558 acies
892 1507 1108 1571 legitque
1143 1506 1301 1554 virum
1336 1504 1419 1564 vir,

157 1601 263 1639 tum
299 1608 415 1639 vero
452 1600 501 1639 et
536 1590 748 1653 gemitus
783 1589 1083 1638 morientum
1120 1596 1168 1636 et
1205 1586 1443 1650 sanguine
1479 1585 1531 1633 in
1566 1586 1666 1633 alto

157 1689 392 1735 armaque
429 1688 736 1736 corporaque
772 1680 821 1719 et
856 1668 1083 1733 permixti
1119 1669 1272 1716 caede
1307 1667 1522 1715 virorum

159 1752 473 1802 semianimes
509 1754 773 1800 volvuntur
808 1750 935 1814 equi,
975 1766 1142 1813 pugna
1175 1765 1349 1811 aspera
1386 1746 1550 1809 surgit.
1741 1752 1820 1804 635

161 1833 449 1883 Orsilochus
488 1832 702 1892 Remuli,
743 1833 946 1895 quando
982 1830 1144 1893 ipsum
1181 1829 1412 1877 horrebat
1448 1827 1596 1885 adire,

160 1916 352 1962 hastam
388 1912 582 1961 intorsit
618 1929 747 1975 equo
784 1914 1065 1973 ferrumque
1101 1909 1195 1958 sub
1229 1925 1347 1957 aure
1383 1907 1579 1970 reliquit
1595 1925 1610 1967 3

162 2011 261 2057 quo
298 1994 496 2057 sonipes
533 1994 634 2042 ictu
671 1993 785 2040 furit
820 1993 1002 2040 arduus
1038 1992 1235 2052 altaque
1271 1988 1420 2036 iactat

161 2075 374 2124 vulneris
411 2074 673 2138 impatiens
710 2082 898 2122 arrecto
934 2080 1134 2134 pectore
1170 2087 1321 2129 crura,

161 2156 370 2206 volvitur
405 2156 487 2205 ille
524 2172 756 2204 excussus
794 2153 945 2202 humi.
1021 2152 1228 2203 Catillus
1267 2153 1427 2200 Iollan
1745 2157 1826 2208 640

162 2237 514 2300 ingentemque
549 2235 741 2295 animis,
780 2235 1031 2298 ingentem
1069 2249 1274 2295 corpore
1310 2241 1359 2280 et
1393 2229 1540 2279 armis

164 2317 313 2365 deicit
350 2316 682 2375 Herminium,
723 2317 861 2364 nudo
898 2314 978 2363 cui
1014 2313 1194 2362 vertice
1230 2314 1363 2360 fulva

165 2397 400 2446 caesaries
436 2397 659 2459 nudique
694 2396 851 2444 umeri
890 2395 1003 2460 (nec
1039 2396 1242 2442 vulnera
1277 2390 1550 2456 terrent)—

166 2487 329 2525 tantus
365 2477 417 2525 in
452 2494 588 2525 arma
624 2485 771 2539 patet.
846 2478 972 2524 latos
1008 2474 1124 2523 huic
1161 2476 1302 2522 hasta
1336 2489 1423 2536 per
1458 2489 1621 2521 armos

165 2567 274 2606 acta
309 2557 473 2606 tremit
508 2556 828 2620 duplicatque
865 2556 1023 2604 virum
1062 2556 1292 2603 transfixa
1328 2555 1513 2602 dolore.
1748 2559 1828 2612 645

166 2638 386 2686 funditur
420 2648 523 2686 ater
558 2638 745 2700 ubique
781 2654 958 2697 cruor,
1006 2638 1126 2685 dant
1162 2638 1334 2684 funera
1369 2636 1494 2682 ferro

221 2767 408 2817 617—644
426 2766 556 2805 MPR
571 2780 581 2815 ;
606 2769 699 2817 645,
716 2768 799 2816 646
818 2765 910 2804 MR
1073 2768 1155 2816 623
1185 2766 1307 2816 vulgo
1327 2768 1528 2803 commate
1542 2769 1635 2814 post
1652 2763 1833 2801 habenis

168 2823 474 2873 interpungunt,
497 2821 569 2859 sed
581 2822 723 2860 rectius
737 2821 906 2859 Ribbeck
923 2832 1047 2869 quem
1064 2823 1223 2858 secutus
1242 2832 1339 2857 sum
1448 2820 1529 2866 624
1549 2817 1833 2867 procumbens

167 2876 304 2914 Remu
339 2877 617 2928 (procurrens
641 2875 685 2913 in
719 2887 867 2913 rasura
892 2872 950 2925 P)
1118 2875 1198 2922 625
1227 2879 1367 2912 terras
1397 2871 1446 2909 M
1554 2871 1762 2920 suberigit
1790 2870 1833 2909 R

169 2931 325 2969 undam
345 2929 478 2979 ‘yb’cm
492 2928 604 2968 Serv.
772 2928 854 2977 638
883 2927 983 2966 ferit
1003 2925 1057 2964 M
1059 2925 1118 2964 ¹R
1239 2952 1242 2957 -
1282 2929 1361 2975 644
1392 2922 1555 2965 tantum
1573 2925 1613 2962 R

1654 3001 1732 3043 26*
