2020 3372
244 133 297 180 P.
337 133 636 181 VERGILI
676 134 1001 182 MARONIS

245 270 544 335 miraturque
580 288 733 320 novas
771 273 971 320 frondes
1008 282 1057 320 et
1092 290 1195 321 non
1231 290 1321 323 sua
1354 291 1517 337 poma.

313 356 569 402 Praeterea
604 371 760 417 genus
797 356 933 403 haud
969 372 1126 404 unum
1162 373 1256 404 nec
1292 357 1500 406 fortibus
1535 357 1682 407 ulmis
1738 362 1742 365 ’

244 450 337 482 nec
374 434 511 483 salici
546 437 751 497 lotoque
788 452 881 484 nec
920 436 1085 485 Idaeis
1123 437 1394 500 cyparissis,

244 533 336 564 nec
373 515 580 579 pingues
618 533 770 564 unam
807 516 859 564 in
895 516 1073 565 faciem
1111 528 1381 566 nascuntur
1415 518 1587 579 olivae,
1864 531 1916 582 85

244 598 484 645 orchades
522 607 571 645 et
606 596 729 646 radii
766 607 814 646 et
849 614 1016 647 amara
1050 598 1224 661 pausia
1257 600 1395 659 baca,
1922 598 1925 601 ’

243 694 493 741 pomaque
531 688 579 727 et
615 678 814 728 Alcinoi
836 679 1014 739 silvae,
1055 697 1148 728 nec
1185 682 1408 729 surculus
1443 680 1579 729 idem

244 759 539 810 Crustumiis
578 760 827 823 Syriisque
862 761 979 824 piris
1015 761 1344 825 gravibusque
1379 762 1629 812 volaemis.

243 858 345 890 non
383 843 559 890 eadem
596 842 854 891 arboribus
891 845 1078 906 pendet
1114 843 1365 893 vindemia
1400 844 1579 893 nostris

243 941 393 987 quam
433 925 791 986 Methymnaeo
829 923 984 987 carpit
1020 926 1084 973 de
1120 924 1323 987 palmite
1360 926 1550 974 Lesbos
1568 944 1583 986 ;
1865 924 1921 989 ι90

243 1015 357 1054 sunt
394 1004 608 1053 Thasiae
644 1004 780 1064 vites,
821 1015 936 1054 sunt
973 1015 1021 1054 et
1060 1005 1363 1055 Mareotides
1398 1007 1554 1066 albae,

243 1085 508 1150 pinguibus
546 1087 639 1134 hae
676 1086 814 1135 terris
850 1086 1055 1146 habiles,
1095 1086 1360 1136 levioribus
1395 1087 1521 1148 illae,

243 1178 291 1216 et
326 1184 474 1230 passo
510 1166 692 1230 psithia
728 1167 893 1216 utilior
928 1167 1192 1230 tenuisque
1227 1169 1393 1231 lageos

244 1259 541 1313 temptatura
576 1251 730 1312 pedes
769 1248 889 1298 olim
926 1249 1250 1312 vincturaque
1286 1249 1519 1313 linguam,

243 1347 517 1394 purpureae
554 1330 862 1393 preciaeque‚
903 1340 952 1379 et
988 1347 1089 1393 quo
1126 1340 1175 1379 te
1211 1330 1429 1379 carmine
1465 1330 1630 1380 dicam
1866 1353 1919 1395 95

244 1411 487 1460 Raetica?
535 1428 629 1459 nec
666 1410 801 1459 cellis
838 1410 955 1459 ideo
991 1413 1242 1460 contende
1280 1410 1511 1460 Falernis.

243 1502 357 1541 sunt
395 1502 443 1541 et
476 1492 755 1541 Aminneae
792 1492 929 1552 vites,
970 1491 1250 1541 firmissima
1284 1492 1413 1553 vina,

243 1574 470 1623 Tmolius
507 1574 726 1637 adsurgit
762 1574 944 1637 quibus
982 1584 1031 1623 et
1067 1592 1149 1623 rex
1184 1574 1290 1638 ipse
1327 1577 1601 1637 Phanaeus,

243 1655 525 1719 Argitisque
563 1655 737 1715 minor,
777 1655 858 1704 cui
894 1673 997 1704 non
1034 1656 1289 1705 certaverit
1325 1658 1424 1705 ulla

242 1747 327 1786 aut
364 1747 557 1786 tantum
594 1740 745 1786 fluere
781 1747 867 1786 aut
905 1738 1115 1787 totidem
1152 1740 1328 1787 durare
1364 1755 1450 1802 per
1484 1756 1656 1788 annos.
1842 1760 1921 1789 100

243 1836 346 1868 non
383 1836 475 1882 ego
513 1829 574 1879 te,
614 1819 689 1868 dis
727 1830 775 1868 et
812 1820 996 1869 mensis
1034 1830 1240 1883 accepta
1276 1821 1522 1881 secundis,

244 1900 532 1960 transierim,
574 1901 788 1961 Rhodia,
829 1912 878 1950 et
915 1902 1133 1962 tumidis,
1177 1905 1426 1962 Bumaste‚
1466 1903 1686 1952 racemis.

245 1984 333 2031 sed
369 1999 532 2045 neque
569 1999 719 2045 quam
757 1986 941 2032 multae
978 1983 1167 2046 species
1205 2001 1298 2032 nec
1334 1984 1539 2033 nomina
1574 2001 1702 2048 quae
1738 1985 1836 2034 sint

245 2073 318 2111 est
355 2080 618 2112 numerus:
668 2081 831 2126 neque
868 2063 1002 2113 enim
1040 2083 1249 2114 numero
1286 2068 1643 2129 comprendere
1679 2068 1854 2126 refert;
1926 2088 1928 2090 ·

245 2161 395 2207 quem
432 2144 517 2208 qui
554 2145 676 2193 scire
712 2146 841 2205 velit,
883 2146 1057 2209 Libyci
1094 2147 1210 2195 velit
1246 2147 1473 2210 aequoris
1509 2147 1644 2196 idem
1843 2167 1919 2208 105

245 2226 434 2276 discere
471 2242 621 2288 quam
659 2229 843 2275 multae
880 2229 1107 2290 Zephyro
1145 2229 1402 2277 turbentur
1438 2230 1664 2289 harenae,
1925 2225 1928 2227 v

245 2317 329 2357 aut
365 2307 450 2356 ubi
488 2308 691 2372 navigiis
727 2309 989 2358 violentior
1025 2310 1199 2359 incidit
1237 2313 1397 2359 Eurus

247 2406 393 2438 nosse
430 2399 552 2452 quot
590 2390 720 2438 Ionii
758 2391 958 2440 veniant
996 2393 1061 2441 ad
1098 2392 1239 2441 litora
1275 2395 1466 2441 fluctus.

315 2474 424 2520 Nec
459 2489 575 2520 vero
611 2482 766 2521 terrae
803 2476 926 2522 ferre
966 2491 1140 2523 omnes
1177 2475 1346 2523 omnia
1379 2484 1601 2538 possunt.

248 2552 535 2601 fluminibus
573 2554 745 2603 salices
787 2555 1061 2620 crassisque
1098 2556 1365 2619 paludibus
1400 2556 1501 2605 alni
1846 2577 1923 2606 110

249 2644 530 2694 nascuntur,
570 2636 756 2684 steriles
797 2637 981 2686 saxosis
1021 2637 1275 2686 montibus
1312 2637 1450 2698 orni3

248 2715 390 2764 litora
426 2717 645 2779 myrtetis
683 2718 951 2767 laetissima
969 2737 981 2778 ;
1023 2719 1241 2782 denique
1275 2729 1472 2781 apertos

251 2800 478 2847 Bacchus
515 2809 648 2848 amat
686 2800 839 2860 collis,
879 2800 1183 2864 Aquilonem
1219 2810 1268 2849 et
1302 2800 1480 2863 frigora
1516 2800 1625 2850 taxi.

305 2930 436 2977 82-91
471 2929 542 2978 M;
583 2943 746 2980 92-113
775 2930 871 2969 MV
1103 2913 1163 2970 82*
1185 2931 1443 2981 miratasque
1474 2931 1612 2972 M¹bc2
1659 2919 1807 2972 mirata
1836 2938 1922 2973 est·

250 2995 334 3031 que
354 2997 384 3033 γ
403 2983 519 3023 Serv.
695 2987 773 3024 106
803 2987 968 3025 discere
989 2984 1091 3024 a⁹c²:
1123 2986 1267 3025 dicere
1286 2984 1505 3036 MV7a¹bc¹
1895 2984 1903 2990 ’
1923 2987 1930 2990 ”
