2014 3372
1353 165 1501 213 AEN
1506 165 1718 215 EIDOS
1755 167 1831 215 VI

82 357 85 361 ἡ
158 295 354 361 spiritus
389 296 521 346 intus
556 296 654 358 alit,
693 305 949 361 totamque
987 298 1148 348 infusa
1183 316 1270 363 per
1304 309 1436 348 artus

157 394 298 427 mens
333 378 483 441 agitat
519 380 703 427 molem
739 388 788 428 et
823 396 1004 442 magno
1040 397 1094 429 se
1130 398 1336 444 corpore
1372 381 1558 432 miscet.

156 458 275 508 inde
310 460 571 508 hominum
607 462 960 524 pecudumque
995 478 1151 525 genus
1187 462 1417 526 vitaeque
1452 466 1710 513 volantum
1765 452 1769 454 ,

156 553 205 592 et
240 561 368 607 quae
404 562 679 594 marmoreo
715 547 806 594 fert
842 554 1062 594 monstra
1098 546 1191 595 sub
1228 563 1443 610 aequore
1478 557 1675 610 pontus.

155 623 327 687 igneus
364 635 438 674 est
475 625 583 675 ollis
620 625 756 689 vigor
792 635 840 674 et
876 625 1100 675 caelestis
1138 626 1275 690 origo
1749 643 1828 688 730

154 707 440 766 seminibus,
476 716 719 770 quantum
756 724 859 756 non
895 724 1102 770 corpora
1137 708 1285 756 noxia
1320 710 1517 758 tardant

153 789 431 852 terrenique
467 790 704 838 hebetant
738 799 871 838 artus
910 790 1308 854 moribundaque
1345 792 1581 840 membra.

152 863 269 918 hinc
299 879 525 918 metuunt
558 869 876 933 cupiuntque,
905 872 1078 920 dolent
1106 874 1440 935 gaudentque,
1468 889 1633 936 neque
1661 889 1803 922 auras

151 950 419 1014 dispiciunt
455 953 650 1000 clausae
686 952 902 1000 tenebris
939 961 988 1001 et
1023 969 1218 1001 carcere
1254 969 1420 1002 caeco.

151 1031 272 1094 quin
308 1040 356 1079 et
392 1048 623 1095 supremo
660 1049 775 1080 cum
811 1033 998 1082 lumine
1034 1033 1134 1082 vita
1169 1033 1378 1096 reliquit,
1745 1051 1767 1096 7
1775 1056 1822 1095 35

150 1130 254 1161 non
289 1122 457 1161 tamen
492 1131 642 1162 omne
678 1116 864 1162 malum
901 1114 1090 1164 miseris
1127 1132 1220 1164 nec
1256 1116 1479 1164 funditus
1517 1133 1692 1165 omnes

150 1213 416 1260 corporeae
452 1199 698 1246 excedunt
733 1208 911 1260 pesteS‚
943 1199 1242 1262 penitusque
1278 1216 1482 1248 necesse
1519 1210 1593 1248 est

150 1281 304 1327 multa
340 1279 425 1327 diu
462 1289 692 1328 concreta
728 1279 890 1328 modis
926 1279 1198 1330 inolescere
1235 1280 1383 1330 miris.

149 1376 264 1422 ergo
300 1369 586 1408 exercentur
621 1360 798 1423 poenis
835 1370 1157 1424 veterumque
1194 1364 1437 1411 malorum

148 1439 390 1503 supplicia
425 1443 741 1503 expendunt:
789 1441 914 1490 aliae
949 1444 1235 1504 panduntur
1269 1442 1442 1492 inanes
1743 1460 1824 1505 740

147 1536 417 1585 suspensae
452 1523 517 1570 ad
553 1531 741 1582 ventos,
776 1522 883 1571 aliis
920 1523 1013 1571 sub
1049 1523 1238 1588 gurgite
1274 1533 1415 1573 vasto

146 1602 384 1652 infectum
420 1603 597 1652 eluitur
632 1606 793 1654 scelus
828 1614 914 1653 aut
950 1605 1163 1654 exuritur
1198 1605 1367 1669 igni——

146 1685 355 1748 quisque
391 1702 506 1734 suos
543 1686 757 1749 patimur
792 1687 983 1748 manis3
1031 1687 1210 1737 exinde
1246 1705 1334 1751 per
1368 1690 1592 1752 amplum

146 1765 385 1814 mittimur
422 1767 644 1830 Elysium
681 1777 730 1816 et
766 1768 912 1831 pauci
948 1770 1075 1817 laeta
1110 1786 1224 1817 arva
1262 1778 1560 1818 tenemus—-

145 1849 308 1896 donec
343 1850 490 1911 longa
525 1848 631 1897 dies
668 1851 888 1911 perfecto
926 1850 1160 1913 temporis
1198 1851 1318 1900 orbe
1740 1870 1817 1914 745

145 1939 426 1978 concretam
462 1930 644 1979 exemit
680 1932 859 1991 labem,
898 1949 1176 1996 purumque
1213 1932 1445 1996 relinquit

143 2010 415 2058 aetherium
452 2027 652 2059 sensum
687 2021 838 2074 atque
873 2012 1008 2060 aurai
1045 2012 1281 2076 simplicis
1319 2014 1498 2077 ignem.

144 2093 232 2140 has
269 2092 444 2152 omnis,
484 2093 571 2142 ubi
607 2093 741 2142 mille
777 2103 935 2142 rotam
970 2096 1167 2143 volvere
1203 2112 1290 2158 per
1325 2113 1498 2155 annos,

144 2175 419 2223 Lethaeum
454 2177 520 2224 ad
555 2175 761 2223 fluvium
784 2178 920 2246 ¹'deus
958 2186 1132 2225 evocat
1168 2177 1364 2239 agmine
1400 2194 1596 2241 magno,

143 2255 329 2305 scilicet
364 2256 679 2306 immemores
716 2274 894 2321 supera
928 2267 982 2306 ut
1018 2275 1239 2306 convexa
1275 2258 1488 2308 revisant
1734 2275 1815 2320 750

142 2354 317 2398 rursus,
355 2348 403 2387 et
438 2339 676 2403 incipiant
712 2340 763 2388 in
800 2357 1007 2404 corpora
1042 2341 1169 2390 velle
1205 2340 1408 2389 reverti.'

212 2419 411 2469 Dixerat
447 2422 690 2471 Anchises
728 2432 1000 2486 natumque
1036 2439 1236 2486 unaque
1276 2422 1511 2485 Sibyllam

199 2553 387 2600 726—752
418 2552 588 2590 FMPR
796 2566 872 2603 731
907 2555 1036 2593 noxia
1077 2567 1257 2603 corpora
1275 2551 1554 2600 FMP²R72bc
1734 2566 1812 2603 733

141 2604 210 2643 hic
244 2605 385 2643 M¹b¹c1
608 2619 686 2656 734
716 2608 956 2658 despiciunt
995 2607 1319 2658 FMPR72c1m:
1370 2607 1605 2657 respiciunt
1644 2606 1811 2646 a²b²c³vr²

140 2658 344 2697 deteriores
382 2660 552 2710 quidam
598 2661 745 2700 Seru:
794 2662 1032 2712 suspiciunt
1062 2662 1336 2714 Augustinus
1578 2673 1655 2711 735
1687 2662 1809 2701 relin-

141 2713 232 2761 quit
263 2713 370 2751 Flbn·
549 2727 626 2764 742
657 2717 746 2767 aut]
780 2718 919 2766 adque
950 2718 992 2755 F
1154 2729 1340 2766 743-747
1372 2715 1555 2755 ordinem
1587 2717 1810 2766 vulgatum

128 2767 295 2816 frustra
315 2768 582 2807 turbaverunt
598 2769 774 2818 editores,
794 2772 856 2809 vel
872 2785 935 2810 vv.
954 2783 1142 2821 745—747
1158 2776 1254 2820 post
1267 2783 1344 2820 742
1358 2769 1601 2808 conlocando
1621 2769 1811 2819 (Ribbeck

140 2821 246 2873 alii),
281 2822 344 2860 vel
369 2836 431 2861 vv.
464 2835 554 2873 743,
590 2837 668 2873 744
696 2824 865 2863 eiciendo
897 2825 1153 2875 (Guthlingk
1186 2825 1276 2863 vide
1293 2825 1437 2873 Hemy
1460 2823 1519 2862 ad
1543 2824 1654 2861 hunc
1677 2824 1808 2862 locum

142 2877 221 2924 746
255 2876 393 2914 tabem
424 2875 467 2914 R
589 2878 760 2927 reliquit
780 2878 822 2916 F
825 2878 1039 2928 ²PR7b²c1r
1169 2891 1246 2928 747
1277 2879 1394 2917 aurai
1425 2877 1580 2927 7²b²c⁷r¹
1614 2877 1809 2916 Donatus

140 2928 252 2968 Serv.
278 2932 571 2981 grammatici:
602 2945 731 2970 aurae
760 2931 974 2972 FMPRn2
1106 2943 1185 2982 750
1215 2937 1418 2983 superant
1438 2931 1500 2972 P:
1541 2944 1698 2982 supera
1736 2937 1807 2970 aut

140 2982 182 3021 F
184 2982 197 3004 ¹
216 2996 224 3021 :
254 2996 381 3034 super
403 2991 447 3024 ut
466 2986 530 3025 Ml
549 2985 718 3025 Ribbeck
