2014 3372
1353 151 1713 201 AENEIDOS
1749 152 1797 198 X

130 305 233 338 non
268 288 362 353 ipsi
397 288 524 339 inter
559 305 623 350 se,
664 306 766 339 non
802 289 987 350 nubila,
1026 307 1128 339 non
1165 307 1299 338 mare
1334 289 1501 350 cedit3

129 386 312 434 anceps
348 387 513 434 pugna
547 370 646 430 diu,
687 379 817 419 stant
854 370 1036 419 obnixa
1071 370 1239 420 omnia
1275 380 1475 420 contra:

128 451 263 499 haud
298 451 436 500 aliter
469 451 714 500 Troianae
749 451 879 500 acies
915 451 1145 515 aciesque
1182 451 1388 500 Latinae
1718 462 1797 512 360

128 541 437 591 concurrunt,
478 533 645 581 haeret
680 534 809 595 pede
844 548 931 595 pes
968 534 1252 595 densusque
1286 532 1390 581 viro
1426 531 1508 581 vir.

194 614 261 660 At
296 621 432 675 parte
469 629 528 660 ex
562 612 669 672 alia,
709 630 807 676 qua
842 629 957 661 saxa
991 613 1201 662 rotantia
1236 614 1335 662 late

125 694 385 759 impulerat
420 705 607 745 torrens
643 698 943 761 arbustaque
977 697 1138 746 diruta
1172 698 1303 761 ripis,

125 778 344 840 Arcadas
381 776 599 826 insuetos
635 777 765 826 acies
802 778 979 827 inferre
1013 779 1254 842 pedestris

124 867 178 905 ut
212 857 334 907 vidit
372 860 531 907 Pallas
569 858 712 907 Latio
749 860 866 908 dare
902 868 1036 923 terga
1071 860 1273 923 sequaci
1712 866 1790 919 365

125 937 316 1003 (aspera
351 938 461 1002 quis
497 948 669 988 natura
705 939 801 989 loci
837 940 1084 990 dimittere
1116 943 1319 1004 quando

122 1020 273 1069 suasit
309 1021 500 1084 equos),
537 1039 692 1070 unum
730 1023 868 1085 quod
903 1023 1050 1071 rebus
1086 1031 1233 1071 restat
1270 1022 1449 1086 egenis,

121 1117 255 1149 nunc
290 1114 448 1164 prece,
487 1119 621 1150 nunc
657 1102 802 1151 dictis
838 1101 1068 1151 virtutem
1103 1103 1332 1152 accendit
1368 1101 1575 1152 amaris:

125 1185 136 1207 ‘
154 1197 256 1244 quo
292 1182 469 1246 fugitis,
510 1182 670 1231 socii?
717 1200 805 1246 per
837 1200 926 1232 vos
962 1194 1011 1232 et
1046 1184 1190 1233 fortia
1224 1187 1366 1244 facta,

119 1279 206 1325 per
240 1263 381 1312 ducis
419 1264 640 1313 Euandri
675 1281 860 1313 nomen
896 1264 1189 1328 devictaque
1224 1266 1355 1314 bella
1711 1283 1791 1327 370

119 1360 360 1407 spemque
395 1362 570 1405 meam,
611 1345 797 1408 patriae
834 1362 961 1409 quae
1002 1363 1136 1395 nunc
1173 1347 1306 1396 subit
1340 1348 1537 1396 aemula
1572 1347 1719 1407 laudi,

119 1424 256 1473 fidite
294 1442 356 1474 ne
392 1425 617 1488 pedibus.
693 1429 820 1475 ferro
856 1429 1132 1490 rumpenda
1168 1444 1256 1490 per
1289 1427 1445 1476 hostis

118 1515 191 1553 est
227 1505 316 1554 via.
391 1523 489 1569 qua
524 1507 699 1569 globus
738 1506 820 1555 ille
856 1506 1014 1555 virum
1052 1507 1373 1557 densissimus
1410 1518 1560 1572 urget,

116 1586 210 1634 hac
245 1603 332 1635 vos
370 1596 418 1635 et
455 1589 677 1635 Pallanta
712 1590 892 1636 ducem
928 1588 1086 1650 patria
1118 1590 1217 1637 alta
1251 1589 1479 1651 reposcit.

116 1666 322 1716 numina
357 1670 491 1716 nulla
527 1677 770 1731 premunt,
809 1668 1004 1717 mortali
1041 1686 1271 1732 urgemur
1304 1671 1368 1719 ab
1405 1671 1548 1719 hoste
1706 1687 1784 1731 375
1859 1683 1865 1686 ’

116 1751 380 1810 mortales;
429 1749 638 1798 totidem
675 1749 819 1798 nobis
855 1750 1150 1813 animaeque
1186 1768 1475 1815 manusque.

115 1846 232 1878 ecce
269 1830 413 1879 maris
451 1847 630 1894 magna
665 1830 850 1880 claudit
884 1847 977 1880 nos
1013 1831 1158 1880 obice
1193 1841 1390 1894 pontus,

114 1911 254 1959 deest
289 1910 387 1959 iam
425 1920 550 1960 terra
585 1913 760 1975 fugae:
811 1913 1013 1975 pelagus
1049 1911 1318 1961 Troiamne
1353 1915 1620 1975 petemus?

114 1992 236 2040 haec
271 1992 350 2051 ait,
392 2001 440 2040 et
477 1992 669 2042 medius
707 1994 890 2040 densos
928 1992 1203 2055 prorumpit
1238 1993 1289 2040 in
1325 1993 1493 2042 hostis.

181 2073 370 2121 Obvius
406 2073 522 2121 huic
558 2073 772 2136 primum
809 2072 920 2121 fatis
955 2075 1201 2122 adductus
1237 2072 1420 2137 iniquis
1705 2083 1784 2132 380

111 2155 166 2201 fit
205 2156 378 2218 Lagus.
453 2157 600 2215 hunc,
642 2172 822 2218 magno
858 2155 993 2204 vellit
1030 2157 1151 2204 dum
1187 2157 1409 2218 pondere
1445 2173 1629 2215 saxum,

110 2233 293 2283 intorto
329 2235 432 2299 figit
468 2238 580 2295 telo,
622 2236 907 2285 discrimina
942 2236 1091 2286 costis

109 2331 195 2376 per
230 2316 449 2364 medium
487 2334 585 2379 qua
620 2317 762 2380 spina
797 2318 960 2376 dabat,
1001 2319 1294 2380 hastamque
1329 2326 1547 2381 receptat

109 2395 302 2444 ossibus
338 2398 636 2446 haerentem.
711 2415 862 2460 quem
897 2416 1001 2447 non
1038 2408 1398 2462 superoccupat
1435 2399 1615 2459 Hisbo,

108 2475 189 2524 ille
225 2477 427 2540 quidem
464 2479 561 2527 hoc
597 2495 797 2541 sperans
815 2497 828 2539 3
875 2497 991 2528 nam
1029 2482 1190 2529 Pallas
1225 2490 1341 2530 ante
1376 2490 1613 2541 ruentem,
1702 2494 1776 2543 385

107 2558 227 2604 dum
264 2558 390 2618 furit,
430 2558 683 2608 incautum
720 2560 908 2609 crudeli
944 2570 1101 2610 morte
1137 2562 1319 2611 sodalis

107 2637 285 2700 excipit
319 2649 468 2703 atque
505 2658 675 2689 ensem
712 2641 905 2691 tumido
941 2641 992 2691 in
1027 2645 1266 2706 pulmone
1301 2643 1538 2692 recondit.

106 2717 222 2766 hinc
258 2719 518 2769 Sthenium
554 2721 677 2783 petit
712 2731 760 2770 et
798 2722 982 2772 Rhoeti
1019 2725 1083 2772 de
1118 2733 1264 2787 gente
1299 2733 1492 2772 vetusta

130 2842 136 2848 ⁷
160 2848 351 2897 358-388
380 2846 512 2885 MPR
748 2851 830 2899 358
860 2850 1018 2889 cedunt
1037 2849 1091 2888 M
1094 2850 1108 2873 ¹
1291 2853 1372 2900 363
1403 2851 1604 2891 intulerat
1631 2852 1777 2903 Rybcn·

105 2902 186 2948 366
213 2914 322 2951 quos
340 2901 430 2952 P71
447 2915 455 2939 t
488 2902 609 2951 aquis
630 2902 816 2954 Madvig,
830 2904 982 2954 probat
999 2904 1172 2942 Kviffala
1266 2917 1362 2955 >377
1394 2907 1538 2955 magni
1558 2911 1595 2944 et
1621 2919 1775 2956 magno

106 2956 285 3004 agnoscit
302 2955 416 2994 Serv.
530 2957 612 3006 378
640 2962 833 3007 petamus
852 2956 1010 3009 M²R71
1121 2959 1199 3007 381
1232 2959 1350 2999 vellit
1368 2972 1526 3009 magno
1544 2960 1777 3013 PR7bcmn·

105 3010 185 3058 383
215 3009 331 3048 dedit
351 3009 575 3059 R7²b²cm1r
738 3013 821 3060 386
849 3012 1043 3051 incautus
1063 3012 1226 3063 Benthy
1243 3011 1431 3052 Deuticke
1451 3014 1585 3067 (1895)
