2014 3372
204 157 256 205 P.
299 155 595 204 VERGILI
636 154 961 206 MARONIS

273 297 469 343 Aeneas
507 293 656 343 instat
695 302 867 342 contra
903 295 1160 358 telumque
1197 302 1423 344 coruscat

202 374 376 439 ingens
413 375 690 434 arboreum,
733 383 781 423 et
818 391 966 424 saevo
1004 375 1074 424 sic
1110 385 1311 439 pectore
1347 377 1503 424 fatur:

205 459 217 481 ‘
237 473 364 519 quae
383 472 517 504 nunc
535 455 718 505 deinde
736 472 874 507 mora
895 458 1005 504 est?
1034 465 1119 505 aut
1135 455 1256 520 quid
1273 455 1386 516 iam,
1406 458 1589 516 Turne,
1609 464 1839 506 retractas
1854 458 1878 506 Ρ

201 555 304 586 non
341 554 500 597 cursu,
542 536 698 586 saevis
737 538 1029 586 certandum
1067 546 1140 586 est
1176 536 1456 586 comminus
1492 536 1653 586 armis.
1796 548 1877 598 890

202 628 335 668 verte
372 619 534 668 omnis
573 628 671 668 tete
709 618 760 666 in
796 618 946 668 facies
984 628 1033 667 et
1069 620 1306 667 contrahe
1343 617 1591 681 quidquid

202 700 304 749 sive
339 700 517 749 animis
555 699 657 749 sive
693 708 796 748 arte
832 701 996 760 vales3
1045 708 1164 763 opta
1198 701 1352 748 ardua
1387 698 1565 762 pennis

200 789 329 829 astra
365 780 505 844 sequi
542 782 829 830 clausumve
863 798 983 830 cava
1020 789 1069 829 te
1106 782 1321 830 condere
1357 783 1513 830 terra.'

199 861 280 918 ille
318 872 466 926 caput
504 879 776 926 quassans:
829 866 958 911 ‘non
996 879 1077 911 me
1113 871 1197 911 tua
1233 861 1419 912 fervida
1455 871 1637 912 terrent

200 943 346 1004 dicta,
388 946 522 993 ferox
540 963 553 1005 3
601 943 653 993 di
690 961 771 993 me
808 953 990 993 terrent
1028 953 1076 992 et
1115 943 1338 1007 Iuppiter
1374 944 1559 993 hostis.2
1793 955 1872 1008 895

200 1044 293 1076 nec
330 1030 470 1091 plura
506 1028 680 1075 effatus
718 1043 889 1075 saxum
928 1025 1261 1089 circumspicit
1298 1025 1484 1088 ingens,

199 1126 370 1158 saxum
407 1107 668 1172 antiquum
706 1107 893 1172 ingens,
934 1124 1112 1171 campo
1149 1108 1287 1170 quod
1323 1108 1446 1155 forte
1483 1107 1690 1168 iacebat,

199 1192 340 1241 limes
376 1208 493 1255 agro
529 1190 719 1254 positus
757 1190 893 1239 litem
931 1199 985 1239 ut
1022 1190 1322 1239 discerneret
1357 1188 1496 1239 arvis.

199 1274 277 1323 vix
313 1273 435 1323 illud
471 1272 586 1323 lecti
623 1272 699 1322 bis
737 1290 821 1322 sex
858 1272 1047 1322 cervice
1093 1271 1326 1331 subirent,
1570 1325 1574 1329 ,

198 1355 362 1419 qualia
398 1372 532 1404 nunc
568 1354 830 1404 hominum
867 1353 1096 1417 producit
1134 1370 1341 1417 corpora
1377 1354 1553 1414 tellus3
1791 1373 1875 1415 900

198 1437 279 1486 ille
318 1454 467 1486 manu
505 1445 699 1500 raptum
738 1435 930 1500 trepida
967 1436 1230 1499 torquebat
1267 1435 1318 1483 in
1355 1436 1551 1485 hostem

197 1518 339 1568 altior
375 1518 631 1581 insurgens
669 1527 717 1567 et
753 1534 899 1566 cursu
937 1516 1162 1565 concitus
1198 1518 1356 1566 heros.

198 1601 286 1648 sed
325 1615 488 1662 neque
526 1607 804 1647 currentem
844 1614 895 1646 se
933 1614 1026 1646 nec
1064 1596 1319 1660 cognoscit
1358 1606 1559 1646 euntem

199 1683 517 1730 tollentemve
556 1697 732 1729 manus
771 1681 1003 1728 saxumve
1041 1679 1258 1727 immane
1295 1688 1580 1729 moventem
1598 1698 1612 1740 3

197 1780 358 1825 genua
394 1763 575 1821 labant,
618 1761 809 1825 gelidus
847 1760 1097 1810 concrevit
1135 1760 1311 1823 frigore
1348 1761 1558 1824 sanguis.
1791 1781 1870 1823 905

197 1854 302 1893 tum
339 1843 462 1907 lapis
500 1843 605 1906 ipse
642 1843 730 1891 viri
768 1860 980 1891 vacuum
1018 1859 1104 1905 per
1140 1841 1287 1891 inane
1323 1844 1520 1891 volutus

198 1943 290 1974 nec
328 1925 541 1989 spatium
581 1924 733 1973 evasit
773 1933 932 1979 totum
971 1940 1134 1986 neque
1171 1923 1369 1985 pertulit
1406 1923 1573 1973 ictum.

196 2025 254 2056 ac
292 2009 425 2056 velut
460 2006 511 2054 in
549 2005 750 2064 somnis,
792 2006 964 2053 oculos
1001 2003 1087 2052 ubi
1124 2003 1357 2066 languida
1393 2004 1566 2067 pressit

199 2098 346 2138 nocte
384 2087 537 2151 quies,
579 2086 883 2150 nequiquam
920 2085 1092 2134 avidos
1130 2086 1394 2133 extendere
1431 2102 1600 2134 cursus

198 2174 322 2220 velle
360 2171 586 2220 videmur
623 2180 671 2219 et
707 2169 758 2217 in
795 2168 971 2218 mediis
1010 2167 1270 2217 conatibus
1307 2168 1437 2231 aegri
1790 2187 1872 2229 910

199 2253 672 2303 succidimus—non
710 2251 876 2315 lingua
913 2252 1053 2310 valet,
1095 2266 1197 2298 non
1234 2266 1439 2313 corpore
1476 2258 1624 2299 notae

197 2334 444 2384 sufficiunt
481 2334 605 2383 vires
643 2351 736 2383 nec
773 2350 867 2382 vox
903 2343 988 2382 aut
1027 2334 1176 2383 verba
1213 2343 1518 2397 sequuntur:

197 2416 266 2466 sic
303 2419 488 2475 Turno,
529 2433 844 2479 quacumque
882 2415 1012 2464 viam
1051 2415 1228 2464 virtute
1265 2415 1450 2479 petivit,

197 2515 481 2547 successum
519 2499 613 2546 dea
650 2496 755 2545 dira
791 2506 949 2560 negat.
1027 2506 1131 2545 tum
1169 2505 1369 2559 pectore
1406 2512 1578 2545 sensus

196 2588 449 2628 vertuntur
483 2578 636 2638 varii3
687 2580 900 2627 Rutulos
943 2587 1164 2641 aspectat
1201 2587 1250 2626 et
1286 2578 1460 2626 urbem
1790 2595 1869 2637 915

198 2669 553 2722 cunctaturque
591 2669 726 2707 metu
765 2661 1019 2721 letumque
1060 2658 1239 2707 instare
1277 2657 1537 2717 tremescit,

247 2795 439 2844 887-916
470 2792 600 2832 MPR
741 2793 820 2841 893
851 2790 1123 2840 clausumque
1146 2788 1312 2835 MRybc
1430 2790 1508 2839 897
1541 2789 1612 2838 qui
1634 2788 1859 2835 deteriores,

191 2850 336 2902 probat
366 2847 562 2886 Ribbeck:
604 2846 658 2895 Q·
690 2844 752 2883 Μλ
934 2846 1015 2894 899
1046 2844 1157 2882 illum
1191 2842 1297 2882 Mbc¹
1338 2843 1395 2882 Ti.
1430 2842 1627 2881 Donatus
1775 2854 1858 2891 904

196 2903 498 2952 tollentemque
520 2901 635 2950 My'c
782 2912 905 2937 manu
929 2898 1055 2944 P7‘2bc
1148 2909 1384 2947 saxumque
1404 2910 1455 2947 γε
1605 2909 1685 2946 913
1715 2907 1859 2945 quam.-

197 2970 372 3009 cumque
394 2957 447 2995 Pl
558 2957 640 3005 916
663 2954 877 3005 telumque
900 2952 1042 3003 ΜΗγε
