2046 3380
1257 169 1679 222 GEORGICON
1718 169 1805 217 III

137 335 377 382 spemque
408 332 705 383 gregemque
741 314 887 364 simul
921 322 1255 376 cunctamque
1282 312 1348 361 ab
1377 310 1563 375 origine
1587 316 1796 374 gentem.

135 410 241 449 tum
278 400 412 459 sciat,
450 399 604 448 aerias
639 396 782 461 Alpis
818 406 867 445 et
904 395 1087 444 Norica
1123 394 1163 443 si
1200 393 1309 457 quis

136 483 336 530 castella
370 481 421 528 in
458 478 658 528 tumulis
695 487 744 527 et
782 476 982 540 Iapydis
1018 493 1133 525 arva
1168 474 1363 524 Timavi
1718 490 1798 534 475

135 579 268 611 nunc
306 578 506 626 quoque
541 570 654 625 post
689 568 829 608 tanto
864 558 1044 618 videat,
1083 559 1376 619 desertaque
1412 571 1560 619 regna

133 654 386 707 pastorum
423 653 472 692 et
506 645 653 706 longe
689 643 840 690 saltus
876 643 1073 703 lateque
1107 637 1339 687 vacantis.

204 725 305 774 Hie
342 726 596 788 quondam
634 724 809 772 morbo
847 721 970 770 caeli
1007 721 1285 769 miseranda
1321 728 1490 774 coorta
1525 724 1598 767 est

133 816 399 871 tempestas
436 816 643 869 totoque
677 803 904 854 autumni
940 802 1197 852 incanduit
1232 811 1372 850 aestu

133 898 181 951 et
205 906 360 952 genus
386 905 535 937 omne
559 887 671 936 neci
695 888 946 950 pecudum
975 885 1127 945 dedit,
1157 901 1306 934 omne
1331 886 1555 943 ferarum,
1718 891 1801 942 480

133 969 447 1033 corrupitque
483 971 632 1028 lacus,
671 967 841 1017 infecit
876 967 1060 1030 pabula
1095 967 1226 1015 tabo.

131 1069 224 1101 nec
260 1052 338 1100 via
373 1051 543 1100 mortis
581 1059 682 1099 erat
719 1050 960 1113 simplex3
1012 1051 1101 1098 sed
1137 1048 1223 1097 ubi
1259 1047 1403 1112 ignea
1437 1044 1575 1096 venis

132 1132 364 1181 omnibus
399 1141 509 1181 acta
546 1131 648 1180 sitis
685 1131 890 1180 miseros
925 1131 1196 1179 adduxerat
1231 1139 1377 1189 artus,

131 1231 294 1263 rursus
331 1214 619 1263 abundabat
656 1213 836 1262 fluidus
873 1212 1034 1275 liquor
1070 1211 1337 1274 omniaque
1373 1210 1423 1259 in
1461 1227 1513 1258 se

132 1311 244 1344 ossa
279 1294 560 1343 minutatim
599 1295 776 1344 morbo
813 1296 1047 1356 conlapsa
1089 1293 1326 1341 trahebat.
1718 1300 1797 1350 485

132 1391 278 1437 saepe
314 1374 365 1422 in
402 1377 592 1424 honore
630 1376 781 1423 deum
818 1374 986 1423 medio
1023 1384 1157 1423 stans
1193 1374 1356 1423 hostia
1390 1375 1455 1422 ad
1490 1390 1638 1433 aram,

130 1458 273 1504 lanea
308 1458 428 1505 dum
466 1456 610 1505 nivea
646 1456 977 1504 circumdatur
1012 1455 1166 1504 infula
1200 1455 1334 1515 vitta,

130 1536 256 1586 inter
292 1537 570 1586 cunctantis
610 1537 789 1586 cecidit
826 1537 1124 1586 moribunda
1160 1536 1421 1585 ministros.

129 1627 213 1666 aut
251 1618 290 1666 si
327 1635 475 1681 quam
513 1621 640 1668 ferro
676 1627 972 1668 mactaverat
1007 1628 1123 1667 ante
1159 1620 1403 1677 sacerdos,

129 1700 247 1749 inde
285 1718 448 1764 neque
485 1701 729 1764 impositis
765 1702 940 1749 ardent
974 1700 1143 1749 altaria
1179 1699 1327 1759 fibris,
1361 1726 1367 1734 ι
1716 1719 1800 1760 490

129 1799 222 1830 nec
258 1799 494 1846 responsa
531 1792 693 1846 potest
730 1784 984 1832 consultus
1021 1784 1226 1831 reddere
1262 1790 1411 1840 vates,

128 1879 185 1910 ac
222 1862 300 1910 vix
337 1863 579 1926 suppositi
617 1863 870 1927 tinguntur
907 1863 1144 1926 sanguine
1181 1862 1323 1910 cultri

71 1944 79 1947 ⁷
129 1960 421 2007 summaque
457 1944 622 1992 ieiuna
659 1944 795 1992 sanie
830 1943 1100 1992 infuscatur
1135 1945 1330 1992 harena.

127 2023 243 2072 hinc
279 2025 418 2073 laetis
455 2025 592 2073 vituli
629 2027 776 2088 vulgo
812 2024 1087 2073 moriuntur
1122 2024 1172 2072 in
1208 2023 1373 2072 herbis

128 2113 175 2152 et
213 2105 370 2153 dulcis
406 2106 596 2154 animas
632 2108 781 2167 plena
816 2107 881 2153 ad
917 2105 1171 2167 praesepia
1206 2106 1453 2164 reddunt3
1715 2125 1796 2165 495

128 2184 244 2233 hinc
282 2185 486 2234 canibus
525 2185 720 2234 blandis
758 2185 917 2233 rabies
954 2184 1102 2243 venit,
1142 2193 1190 2232 et
1226 2183 1383 2247 quatit
1422 2199 1592 2247 aegros

127 2265 272 2313 tussis
308 2268 487 2314 anhela
523 2282 634 2314 sues
671 2283 729 2314 ac
766 2265 990 2314 faucibus
1026 2265 1160 2328 angit
1196 2264 1373 2313 obesis.

126 2345 305 2393 labitur
340 2345 507 2394 infelix
544 2346 818 2394 studiorum
858 2355 1007 2408 atque
1043 2345 1306 2394 immemor
1341 2344 1523 2392 herbae

125 2425 281 2474 victor
317 2443 473 2488 equus
510 2426 760 2488 fontisque
797 2426 1028 2474 avertitur
1064 2435 1112 2474 et
1147 2427 1276 2488 pede
1312 2434 1487 2473 terram

126 2507 295 2555 crebra
330 2507 438 2555 ferit
455 2526 468 2568 3
517 2507 760 2556 demissae
796 2524 952 2566 aures,
993 2507 1208 2555 incertus
1244 2506 1429 2555 ibidem
1714 2526 1795 2566 500

128 2590 278 2637 sudor
314 2598 362 2637 et
397 2589 478 2637 ille
515 2589 718 2651 quidem
756 2589 1001 2637 morituris
1038 2589 1240 2652 frigidus
1258 2607 1271 2649 3
1319 2597 1420 2636 aret

125 2669 265 2732 pellis
302 2679 350 2718 et
385 2672 450 2718 ad
486 2679 672 2718 tactum
708 2670 935 2719 tractanti
971 2672 1093 2719 dura
1125 2670 1315 2719 resistit.

125 2752 248 2799 haec
284 2760 398 2799 ante
435 2751 635 2799 exitium
671 2751 841 2814 primis
878 2753 998 2800 dant
1036 2751 1173 2815 signa
1209 2751 1398 2800 diebus.

180 2894 370 2931 473-503
391 2881 521 2920 MPR
785 2894 863 2932 475
897 2883 1067 2932 Iapydis
1090 2881 1209 2919 Mb²⁷r
1235 2882 1396 2920 Probus
1426 2882 1540 2921 Serv.
1564 2896 1571 2919 :
1618 2881 1789 2931 Iapygis

125 2934 258 2986 PR7c
273 2937 391 2975 schol.
410 2936 530 2975 Bern.
557 2936 681 2986 (quae
700 2941 837 2974 autem
858 2950 1006 2975 nomen
1032 2937 1204 2986 Iapydis
1226 2937 1556 2986 interpretantur)
1669 2935 1787 2986 arva]

126 3001 201 3027 ora
220 2988 263 3026 P
386 2992 462 3038 481
497 2991 787 3040 corripuitque
808 2991 851 3029 P
939 2992 1036 3029 tabe
1058 2991 1225 3028 Ribbeck
1389 2990 1469 3039 483
1499 2995 1732 3029 attraxerat
1752 2989 1792 3027 P

126 3043 206 3090 488
236 3044 459 3092 magistros
475 3044 517 3082 R
698 3056 775 3093 501
809 3045 998 3083 morituri
1020 3045 1073 3082 M
1077 3044 1139 3095 ¹7¹
1404 3078 1407 3081 .
