2014 3372
225 140 278 188 P.
318 140 618 188 VERGILI
657 140 985 190 MARONIS

224 279 476 330 incedunt.
551 280 671 344 ipse‘
696 290 812 329 ante
847 280 970 330 alios
1006 281 1368 344 pulcherrimus
1404 282 1568 331 omnis

223 361 369 411 infert
406 380 459 412 se
496 362 688 411 socium
724 366 921 412 Aeneas
957 373 1108 427 atque
1143 363 1342 427 agmina
1376 363 1548 427 iungit.

225 445 383 508 qualis
420 445 507 494 ubi
543 445 804 494 hibernam
842 445 1046 508 Lyciam
1082 446 1373 510 Xanthique
1408 449 1596 496 fluenta

224 527 405 577 deserit
440 544 499 575 ac
537 529 722 576 Delum
760 537 1033 576 maternam
1069 527 1234 576 invisit
1270 531 1455 592 Apollo

224 608 562 672 instauratque
599 611 793 669 choros,
833 609 1072 673 mixtique
1108 610 1277 658 altaria
1315 611 1501 659 circum
1829 627 1910 672 145

225 692 497 754 Cretesque
535 694 864 755 Dryopesque
900 695 1116 741 fremunt
1150 691 1371 755 pictique
1406 692 1703 756 Agathyrsi:

223 773 329 836 ipse
365 773 490 836 iugis
528 774 714 836 Cynthi
755 774 973 837 graditur
1009 776 1248 839 mollique
1284 778 1524 825 fluentem

222 859 400 906 fronde
435 858 614 921 premit
651 858 838 907 crinem
875 861 1067 923 fingens
1099 870 1250 923 atque
1285 861 1507 924 implicat
1542 878 1678 921 auro,

223 941 322 987 tela
358 949 537 988 sonant
573 940 754 989 umeris
776 960 803 990 :¹
834 942 970 990 haud
1007 941 1091 990 illo
1129 941 1324 1004 segnior
1360 941 1463 991 ibat

224 1022 435 1080 Aeneas,
476 1030 670 1069 tantum
707 1022 902 1085 egregio
939 1024 1093 1071 decus
1131 1022 1285 1072 enitet
1314 1040 1411 1072 ore.
1828 1042 1913 1084 150

223 1110 490 1164 postquam
526 1105 651 1151 altos
688 1112 892 1151 ventum
929 1103 980 1151 in
1017 1103 1201 1152 montis
1237 1113 1387 1167 atque
1422 1103 1556 1153 invia
1590 1105 1755 1164 lustra,

224 1200 341 1232 ecce
378 1186 509 1233 ferae
546 1185 648 1232 saxi
685 1185 908 1234 deiectae
944 1186 1127 1235 vertice
1164 1203 1342 1249 caprae

224 1265 483 1313 decurrere
519 1264 643 1328 iugis
661 1284 675 1326 3
711 1266 806 1314 alia
842 1268 907 1315 de
943 1276 1081 1330 parte
1117 1267 1331 1331 patentis

223 1345 562 1394 transmittunt
599 1364 744 1396 cursu
782 1365 986 1411 campos
1023 1358 1173 1412 atque
1208 1348 1407 1411 agmina
1443 1348 1574 1398 cervi

223 1428 566 1490 pulverulenta
597 1428 725 1492 fuga
748 1431 1025 1492 glomerant
1062 1430 1347 1493 montisque
1383 1430 1682 1494 relinquunt.
1828 1451 1905 1493 155

222 1517 273 1556 at
308 1525 431 1571 puer
466 1508 712 1557 Ascanius
750 1510 927 1568 mediis
964 1510 1016 1558 in
1052 1510 1262 1560 vallibus
1297 1511 1397 1560 acri

222 1592 405 1653 gaudet
443 1608 574 1654 equo
610 1591 811 1655 iamque
847 1594 940 1641 hos
977 1609 1137 1652 cursu,
1176 1592 1275 1641 iam
1311 1593 1541 1657 praeterit
1576 1593 1702 1654 illos,

223 1680 642 1735 spumantemque
679 1672 784 1721 dari
820 1689 1001 1736 pecora
1036 1673 1164 1722 inter
1200 1672 1375 1722 inertia
1410 1673 1536 1722 votis

222 1762 362 1816 optat
398 1770 587 1817 aprum,
626 1763 711 1802 aut
747 1756 937 1804 fulvum
974 1756 1281 1803 descendere
1317 1764 1489 1804 monte
1525 1757 1736 1805 leonem.

294 1839 492 1885 Interea
527 1854 710 1900 magno
747 1836 942 1886 misceri
979 1854 1230 1885 murmure
1266 1840 1460 1886 caelum
1830 1845 1912 1887 160

222 1918 407 1982 incipit,
449 1918 724 1982 insequitur
760 1919 1029 1967 commixta
1062 1918 1302 1983 grandine
1337 1919 1551 1980 nimbus,

223 2010 271 2049 et
307 2000 443 2063 Tyrii
479 2001 687 2050 comites
723 2001 908 2064 passim
945 2011 994 2050 et
1029 2001 1246 2050 Troiana
1281 2001 1510 2050 iuventus

224 2082 608 2147 Dardaniusque
644 2100 802 2147 nepos
838 2084 1048 2133 Veneris
1086 2084 1278 2133 diversa
1313 2101 1401 2147 per
1435 2101 1577 2147 agros

223 2175 354 2215 tecta
390 2175 526 2214 metu
563 2165 748 2229 petiere
773 2185 786 2227 3
834 2176 982 2215 ruunt
1020 2168 1084 2215 de
1120 2166 1374 2215 montibus
1410 2183 1596 2215 amnes.

224 2250 515 2311 speluncam
554 2247 691 2296 Dido
728 2249 829 2296 dux
865 2257 915 2295 et
951 2246 1198 2296 Troianus
1238 2249 1450 2296 eandem
1830 2254 1908 2307 165

224 2329 507 2378 deveniunt.
582 2329 740 2393 prima
777 2339 825 2378 et
862 2332 1032 2378 Tellus
1070 2339 1119 2378 et
1155 2330 1384 2392 pronuba
1421 2331 1551 2377 Iuno

224 2413 346 2460 dant
383 2411 577 2475 signum
597 2430 610 2471 3
657 2413 835 2460 fulsere
872 2411 1009 2475 ignes
1048 2420 1096 2459 et
1133 2410 1363 2459 conscius
1399 2412 1570 2458 aether

225 2492 467 2552 conubiis,
509 2509 808 2555 summoque
846 2494 1096 2540 ulularunt
1134 2491 1315 2540 vertice
1353 2492 1630 2554 Nymphae.

224 2573 306 2622 ille
344 2573 449 2622 dies
486 2573 672 2636 primus
710 2573 794 2622 leti
832 2573 1120 2636 primusque
1158 2574 1402 2621 malorum

226 2671 375 2710 causa
410 2654 500 2702 fuit
518 2673 530 2714 3
579 2670 744 2716 neque
781 2653 914 2702 enim
953 2653 1117 2717 specie
1154 2655 1346 2701 famave
1383 2660 1607 2701 movetur
1829 2669 1908 2712 170

226 2753 320 2788 nec
356 2735 454 2784 iam
491 2735 724 2783 furtivum
763 2733 899 2783 Dido
937 2734 1202 2783 meditatur
1235 2750 1486 2783 amorem:
1693 2726 1704 2732 “

288 2879 474 2916 141-143
496 2865 615 2915 MR3
651 2867 835 2914 144—161
860 2864 1015 2913 MRV3
1051 2866 1235 2913 162-171
1259 2862 1437 2902 MPRV
1624 2862 1702 2899 168
1731 2861 1904 2899 conubii

228 2919 447 2959 P²RVb²c²
726 2921 803 2969 169
833 2917 1057 2969 malorum]
1080 2917 1272 2956 laborum
1293 2915 1350 2954 Pl
1372 2915 1592 2954 Parisinus
1614 2917 1721 2966 7906
1739 2914 1907 2954 Philar<

225 2975 369 3026 gyrius
