<?xml version="1.0" encoding="UTF-8"?>
<!DOCTYPE html PUBLIC "-//W3C//DTD XHTML 1.0 Transitional//EN"
    "http://www.w3.org/TR/xhtml1/DTD/xhtml1-transitional.dtd">
<html xmlns="http://www.w3.org/1999/xhtml" xml:lang="en" lang="en">
 <head>
  <title>
</title>
<meta http-equiv="Content-Type" content="text/html;charset=utf-8" />
  <meta name='ocr-system' content='tesseract 3.04.00' />
  <meta name='ocr-capabilities' content='ocr_page ocr_carea ocr_par ocr_line ocrx_word'/>
</head>
<body>
  <div class='ocr_page' id='page_1' title='image "./operarecognovitb00virguoft_0391.png"; bbox 0 0 2014 3372; ppageno 0'>
   <div class='ocr_carea' id='block_1_1' title="bbox 1347 161 1794 211">
    <p class='ocr_par' dir='ltr' id='par_1_1' title="bbox 1347 161 1794 211">
     <span class='ocr_line' id='line_1_1' title="bbox 1347 161 1794 211; baseline -0.002 -1"><span class='ocrx_word' id='word_1_1' title='bbox 1347 162 1711 211; x_wconf 90' lang='lat' dir='ltr'>AENEIDOS</span> <span class='ocrx_word' id='word_1_2' title='bbox 1744 161 1794 209; x_wconf 94' lang='lat' dir='ltr'><strong>X</strong></span> 
     </span>
    </p>
   </div>
   <div class='ocr_carea' id='block_1_2' title="bbox 116 299 1792 2788">
    <p class='ocr_par' dir='ltr' id='par_1_2' title="bbox 116 299 1792 2788">
     <span class='ocr_line' id='line_1_2' title="bbox 126 299 1439 365; baseline 0.001 -17"><span class='ocrx_word' id='word_1_3' title='bbox 126 301 297 363; x_wconf 90' lang='lat' dir='ltr'>pulsus</span> <span class='ocrx_word' id='word_1_4' title='bbox 334 300 401 349; x_wconf 94' lang='lat' dir='ltr'>ob</span> <span class='ocrx_word' id='word_1_5' title='bbox 435 299 672 349; x_wconf 86' lang='lat' dir='ltr'>invidiam</span> <span class='ocrx_word' id='word_1_6' title='bbox 709 300 834 350; x_wconf 93' lang='lat' dir='ltr'>solio</span> <span class='ocrx_word' id='word_1_7' title='bbox 870 300 1177 364; x_wconf 85' lang='lat' dir='ltr'>sceptrisque</span> <span class='ocrx_word' id='word_1_8' title='bbox 1211 301 1439 365; x_wconf 84' lang='lat' dir='ltr'>paternis.</span> 
     </span>
     <span class='ocr_line' id='line_1_3' title="bbox 125 380 1390 445; baseline 0.001 -17"><span class='ocrx_word' id='word_1_9' title='bbox 125 380 395 429; x_wconf 85' lang='lat' dir='ltr'>debueram</span> <span class='ocrx_word' id='word_1_10' title='bbox 431 380 614 445; x_wconf 85' lang='lat' dir='ltr'>patriae</span> <span class='ocrx_word' id='word_1_11' title='bbox 648 397 836 445; x_wconf 91' lang='lat' dir='ltr'>poenas</span> <span class='ocrx_word' id='word_1_12' title='bbox 871 380 1100 444; x_wconf 91' lang='lat' dir='ltr'>odiisque</span> <span class='ocrx_word' id='word_1_13' title='bbox 1136 398 1390 429; x_wconf 84' lang='lat' dir='ltr'>meorum:</span> 
     </span>
     <span class='ocr_line' id='line_1_4' title="bbox 125 460 1567 525; baseline 0 -15"><span class='ocrx_word' id='word_1_14' title='bbox 125 461 289 510; x_wconf 91' lang='lat' dir='ltr'>omnis</span> <span class='ocrx_word' id='word_1_15' title='bbox 325 479 412 525; x_wconf 92' lang='lat' dir='ltr'>per</span> <span class='ocrx_word' id='word_1_16' title='bbox 447 460 617 510; x_wconf 91' lang='lat' dir='ltr'>mortis</span> <span class='ocrx_word' id='word_1_17' title='bbox 651 461 870 509; x_wconf 90' lang='lat' dir='ltr'>animam</span> <span class='ocrx_word' id='word_1_18' title='bbox 907 470 1102 509; x_wconf 88' lang='lat' dir='ltr'>sontem</span> <span class='ocrx_word' id='word_1_19' title='bbox 1138 461 1246 524; x_wconf 91' lang='lat' dir='ltr'>ipse</span> <span class='ocrx_word' id='word_1_20' title='bbox 1281 461 1567 510; x_wconf 78' lang='lat' dir='ltr'>dedissem!</span> 
     </span>
     <span class='ocr_line' id='line_1_5' title="bbox 125 542 1789 606; baseline 0.001 -16"><span class='ocrx_word' id='word_1_21' title='bbox 125 560 260 591; x_wconf 93' lang='lat' dir='ltr'>nunc</span> <span class='ocrx_word' id='word_1_22' title='bbox 294 543 407 591; x_wconf 91' lang='lat' dir='ltr'>vivo</span> <span class='ocrx_word' id='word_1_23' title='bbox 442 560 605 606; x_wconf 92' lang='lat' dir='ltr'>neque</span> <span class='ocrx_word' id='word_1_24' title='bbox 639 544 804 592; x_wconf 91' lang='lat' dir='ltr'>adhuc</span> <span class='ocrx_word' id='word_1_25' title='bbox 839 542 1069 591; x_wconf 88' lang='lat' dir='ltr'>homines</span> <span class='ocrx_word' id='word_1_26' title='bbox 1103 544 1369 606; x_wconf 91' lang='lat' dir='ltr'>lucemque</span> <span class='ocrx_word' id='word_1_27' title='bbox 1403 543 1642 606; x_wconf 91' lang='lat' dir='ltr'>relinquo.</span> <span class='ocrx_word' id='word_1_28' title='bbox 1711 553 1789 603; x_wconf 80' lang='lat'>855</span> 
     </span>
     <span class='ocr_line' id='line_1_6' title="bbox 125 620 1589 688; baseline 0 -16"><span class='ocrx_word' id='word_1_29' title='bbox 125 626 214 673; x_wconf 89' lang='lat' dir='ltr'>sed</span> <span class='ocrx_word' id='word_1_30' title='bbox 249 623 500 687; x_wconf 88' lang='lat' dir='ltr'>linquam.&#39;</span> <span class='ocrx_word' id='word_1_31' title='bbox 571 620 715 673; x_wconf 89' lang='lat' dir='ltr'>simul</span> <span class='ocrx_word' id='word_1_32' title='bbox 750 626 848 673; x_wconf 94' lang='lat' dir='ltr'>hoc</span> <span class='ocrx_word' id='word_1_33' title='bbox 882 624 1054 674; x_wconf 91' lang='lat' dir='ltr'>dicens</span> <span class='ocrx_word' id='word_1_34' title='bbox 1088 623 1268 673; x_wconf 90' lang='lat' dir='ltr'>attollit</span> <span class='ocrx_word' id='word_1_35' title='bbox 1301 623 1354 672; x_wconf 92' lang='lat' dir='ltr'>in</span> <span class='ocrx_word' id='word_1_36' title='bbox 1388 641 1589 688; x_wconf 87' lang='lat' dir='ltr'>aegrum</span> 
     </span>
     <span class='ocr_line' id='line_1_7' title="bbox 125 705 1495 768; baseline 0.001 -16"><span class='ocrx_word' id='word_1_37' title='bbox 125 721 178 753; x_wconf 93' lang='lat' dir='ltr'>se</span> <span class='ocrx_word' id='word_1_38' title='bbox 212 707 372 752; x_wconf 91' lang='lat' dir='ltr'>femur</span> <span class='ocrx_word' id='word_1_39' title='bbox 406 713 466 763; x_wconf 91' lang='lat' dir='ltr'>et,</span> <span class='ocrx_word' id='word_1_40' title='bbox 507 722 809 768; x_wconf 90' lang='lat' dir='ltr'>quamquam</span> <span class='ocrx_word' id='word_1_41' title='bbox 844 705 917 754; x_wconf 90' lang='lat' dir='ltr'>vis</span> <span class='ocrx_word' id='word_1_42' title='bbox 951 707 1052 754; x_wconf 91' lang='lat' dir='ltr'>alto</span> <span class='ocrx_word' id='word_1_43' title='bbox 1087 707 1288 754; x_wconf 91' lang='lat' dir='ltr'>vulnere</span> <span class='ocrx_word' id='word_1_44' title='bbox 1323 706 1495 764; x_wconf 90' lang='lat' dir='ltr'>tardat,</span> 
     </span>
     <span class='ocr_line' id='line_1_8' title="bbox 124 785 1551 848; baseline 0 -14"><span class='ocrx_word' id='word_1_45' title='bbox 124 787 258 834; x_wconf 87' lang='lat' dir='ltr'>haud</span> <span class='ocrx_word' id='word_1_46' title='bbox 295 785 515 834; x_wconf 91' lang='lat' dir='ltr'>deiectus</span> <span class='ocrx_word' id='word_1_47' title='bbox 550 803 735 848; x_wconf 92' lang='lat' dir='ltr'>equum</span> <span class='ocrx_word' id='word_1_48' title='bbox 773 786 890 835; x_wconf 91' lang='lat' dir='ltr'>duci</span> <span class='ocrx_word' id='word_1_49' title='bbox 924 786 1074 835; x_wconf 91' lang='lat' dir='ltr'>iubet.</span> <span class='ocrx_word' id='word_1_50' title='bbox 1148 788 1245 835; x_wconf 93' lang='lat' dir='ltr'>hoc</span> <span class='ocrx_word' id='word_1_51' title='bbox 1280 788 1434 836; x_wconf 90' lang='lat' dir='ltr'>decus</span> <span class='ocrx_word' id='word_1_52' title='bbox 1467 785 1551 845; x_wconf 90' lang='lat' dir='ltr'>illi,</span> 
     </span>
     <span class='ocr_line' id='line_1_9' title="bbox 124 866 1340 926; baseline 0.002 -13"><span class='ocrx_word' id='word_1_53' title='bbox 124 866 222 914; x_wconf 90' lang='lat' dir='ltr'>hoc</span> <span class='ocrx_word' id='word_1_54' title='bbox 257 868 479 914; x_wconf 90' lang='lat' dir='ltr'>solamen</span> <span class='ocrx_word' id='word_1_55' title='bbox 515 876 628 926; x_wconf 89' lang='lat' dir='ltr'>erat,</span> <span class='ocrx_word' id='word_1_56' title='bbox 668 866 811 916; x_wconf 90' lang='lat' dir='ltr'>bellis</span> <span class='ocrx_word' id='word_1_57' title='bbox 847 869 944 916; x_wconf 93' lang='lat' dir='ltr'>hoc</span> <span class='ocrx_word' id='word_1_58' title='bbox 979 867 1136 916; x_wconf 89' lang='lat' dir='ltr'>victor</span> <span class='ocrx_word' id='word_1_59' title='bbox 1169 867 1340 916; x_wconf 88' lang='lat' dir='ltr'>abibat</span> 
     </span>
     <span class='ocr_line' id='line_1_10' title="bbox 123 946 1792 1010; baseline 0.003 -18"><span class='ocrx_word' id='word_1_60' title='bbox 123 946 368 994; x_wconf 86' lang='lat' dir='ltr'>omnibus.</span> <span class='ocrx_word' id='word_1_61' title='bbox 442 947 724 1010; x_wconf 90' lang='lat' dir='ltr'>adloquitur</span> <span class='ocrx_word' id='word_1_62' title='bbox 759 957 1060 997; x_wconf 88' lang='lat' dir='ltr'>maerentem</span> <span class='ocrx_word' id='word_1_63' title='bbox 1097 957 1146 997; x_wconf 93' lang='lat' dir='ltr'>et</span> <span class='ocrx_word' id='word_1_64' title='bbox 1181 948 1361 997; x_wconf 90' lang='lat' dir='ltr'>talibus</span> <span class='ocrx_word' id='word_1_65' title='bbox 1395 947 1536 997; x_wconf 88' lang='lat' dir='ltr'>infit:</span> <span class='ocrx_word' id='word_1_66' title='bbox 1711 956 1792 998; x_wconf 87' lang='lat'>860</span> 
     </span>
     <span class='ocr_line' id='line_1_11' title="bbox 129 1027 1550 1091; baseline 0.003 -18"><span class='ocrx_word' id='word_1_67' title='bbox 129 1027 378 1085; x_wconf 90' lang='lat' dir='ltr'>‘Rhaebe,</span> <span class='ocrx_word' id='word_1_68' title='bbox 418 1027 519 1085; x_wconf 90' lang='lat' dir='ltr'>diu,</span> <span class='ocrx_word' id='word_1_69' title='bbox 557 1045 633 1076; x_wconf 91' lang='lat' dir='ltr'>res</span> <span class='ocrx_word' id='word_1_70' title='bbox 670 1027 711 1076; x_wconf 89' lang='lat' dir='ltr'>si</span> <span class='ocrx_word' id='word_1_71' title='bbox 746 1045 846 1091; x_wconf 91' lang='lat' dir='ltr'>qua</span> <span class='ocrx_word' id='word_1_72' title='bbox 879 1029 966 1077; x_wconf 91' lang='lat' dir='ltr'>diu</span> <span class='ocrx_word' id='word_1_73' title='bbox 1002 1028 1292 1077; x_wconf 85' lang='lat' dir='ltr'>mortalibus</span> <span class='ocrx_word' id='word_1_74' title='bbox 1327 1030 1428 1077; x_wconf 86' lang='lat' dir='ltr'>ulla</span> <span class='ocrx_word' id='word_1_75' title='bbox 1462 1038 1550 1089; x_wconf 90' lang='lat' dir='ltr'>est,</span> 
     </span>
     <span class='ocr_line' id='line_1_12' title="bbox 121 1106 1419 1172; baseline 0.002 -18"><span class='ocrx_word' id='word_1_76' title='bbox 121 1106 343 1155; x_wconf 86' lang='lat' dir='ltr'>viximus.</span> <span class='ocrx_word' id='word_1_77' title='bbox 413 1117 498 1155; x_wconf 90' lang='lat' dir='ltr'>aut</span> <span class='ocrx_word' id='word_1_78' title='bbox 533 1108 684 1157; x_wconf 88' lang='lat' dir='ltr'>hodie</span> <span class='ocrx_word' id='word_1_79' title='bbox 719 1109 873 1158; x_wconf 90' lang='lat' dir='ltr'>victor</span> <span class='ocrx_word' id='word_1_80' title='bbox 909 1109 1066 1172; x_wconf 88' lang='lat' dir='ltr'>spolia</span> <span class='ocrx_word' id='word_1_81' title='bbox 1099 1109 1182 1158; x_wconf 90' lang='lat' dir='ltr'>illa</span> <span class='ocrx_word' id='word_1_82' title='bbox 1217 1119 1419 1158; x_wconf 89' lang='lat' dir='ltr'>cruenta</span> 
     </span>
     <span class='ocr_line' id='line_1_13' title="bbox 121 1189 1354 1253; baseline 0.003 -18"><span class='ocrx_word' id='word_1_83' title='bbox 121 1195 172 1236; x_wconf 91' lang='lat' dir='ltr'>et</span> <span class='ocrx_word' id='word_1_84' title='bbox 206 1195 359 1251; x_wconf 89' lang='lat' dir='ltr'>caput</span> <span class='ocrx_word' id='word_1_85' title='bbox 388 1189 592 1237; x_wconf 87' lang='lat' dir='ltr'>Aeneae</span> <span class='ocrx_word' id='word_1_86' title='bbox 626 1191 803 1238; x_wconf 92' lang='lat' dir='ltr'>referes</span> <span class='ocrx_word' id='word_1_87' title='bbox 840 1190 1089 1253; x_wconf 88' lang='lat' dir='ltr'>Lausique</span> <span class='ocrx_word' id='word_1_88' title='bbox 1125 1192 1354 1239; x_wconf 92' lang='lat' dir='ltr'>dolorum</span> 
     </span>
     <span class='ocr_line' id='line_1_14' title="bbox 121 1266 1476 1334; baseline 0.003 -18"><span class='ocrx_word' id='word_1_89' title='bbox 121 1269 250 1317; x_wconf 91' lang='lat' dir='ltr'>ultor</span> <span class='ocrx_word' id='word_1_90' title='bbox 286 1266 379 1317; x_wconf 89' lang='lat' dir='ltr'>eris</span> <span class='ocrx_word' id='word_1_91' title='bbox 416 1286 626 1330; x_wconf 90' lang='lat' dir='ltr'>mecum,</span> <span class='ocrx_word' id='word_1_92' title='bbox 665 1279 751 1318; x_wconf 91' lang='lat' dir='ltr'>aut</span> <span class='ocrx_word' id='word_1_93' title='bbox 784 1271 940 1334; x_wconf 87' lang='lat' dir='ltr'>aperit</span> <span class='ocrx_word' id='word_1_94' title='bbox 977 1270 1018 1319; x_wconf 90' lang='lat' dir='ltr'>si</span> <span class='ocrx_word' id='word_1_95' title='bbox 1053 1273 1189 1319; x_wconf 91' lang='lat' dir='ltr'>nulla</span> <span class='ocrx_word' id='word_1_96' title='bbox 1223 1271 1354 1319; x_wconf 88' lang='lat' dir='ltr'>viam</span> <span class='ocrx_word' id='word_1_97' title='bbox 1389 1271 1476 1331; x_wconf 90' lang='lat' dir='ltr'>vis,</span> 
     </span>
     <span class='ocr_line' id='line_1_15' title="bbox 121 1350 1788 1414; baseline 0.002 -16"><span class='ocrx_word' id='word_1_98' title='bbox 121 1351 390 1398; x_wconf 91' lang='lat' dir='ltr'>occumbes</span> <span class='ocrx_word' id='word_1_99' title='bbox 426 1350 606 1413; x_wconf 92' lang='lat' dir='ltr'>pariter</span> <span class='ocrx_word' id='word_1_100' title='bbox 622 1368 636 1411; x_wconf 80' lang='lat'>3</span> <span class='ocrx_word' id='word_1_101' title='bbox 681 1368 845 1414; x_wconf 90' lang='lat' dir='ltr'>neque</span> <span class='ocrx_word' id='word_1_102' title='bbox 881 1350 1027 1411; x_wconf 90' lang='lat' dir='ltr'>enim,</span> <span class='ocrx_word' id='word_1_103' title='bbox 1067 1351 1346 1412; x_wconf 87' lang='lat' dir='ltr'>fortissime,</span> <span class='ocrx_word' id='word_1_104' title='bbox 1384 1354 1550 1412; x_wconf 91' lang='lat' dir='ltr'>credo,</span> <span class='ocrx_word' id='word_1_105' title='bbox 1709 1361 1788 1413; x_wconf 89' lang='lat'>865</span> 
     </span>
     <span class='ocr_line' id='line_1_16' title="bbox 121 1427 1523 1494; baseline 0.004 -18"><span class='ocrx_word' id='word_1_106' title='bbox 121 1427 254 1477; x_wconf 87' lang='lat' dir='ltr'>iussa</span> <span class='ocrx_word' id='word_1_107' title='bbox 286 1430 447 1479; x_wconf 90' lang='lat' dir='ltr'>aliena</span> <span class='ocrx_word' id='word_1_108' title='bbox 482 1430 583 1493; x_wconf 89' lang='lat' dir='ltr'>pati</span> <span class='ocrx_word' id='word_1_109' title='bbox 618 1440 668 1480; x_wconf 89' lang='lat' dir='ltr'>et</span> <span class='ocrx_word' id='word_1_110' title='bbox 702 1431 933 1480; x_wconf 91' lang='lat' dir='ltr'>dominos</span> <span class='ocrx_word' id='word_1_111' title='bbox 970 1431 1236 1494; x_wconf 88' lang='lat' dir='ltr'>dignabere</span> <span class='ocrx_word' id='word_1_112' title='bbox 1271 1435 1523 1482; x_wconf 65' lang='lat' dir='ltr'>Teucros!</span> 
     </span>
     <span class='ocr_line' id='line_1_17' title="bbox 121 1502 1271 1575; baseline 0.002 -16"><span class='ocrx_word' id='word_1_113' title='bbox 121 1502 254 1569; x_wconf 80' lang='lat' dir='ltr'>dixit,</span> <span class='ocrx_word' id='word_1_114' title='bbox 294 1520 344 1559; x_wconf 90' lang='lat' dir='ltr'>et</span> <span class='ocrx_word' id='word_1_115' title='bbox 378 1521 611 1574; x_wconf 85' lang='lat' dir='ltr'>exceptus</span> <span class='ocrx_word' id='word_1_116' title='bbox 646 1521 783 1575; x_wconf 89' lang='lat' dir='ltr'>tergo</span> <span class='ocrx_word' id='word_1_117' title='bbox 819 1522 1057 1562; x_wconf 91' lang='lat' dir='ltr'>consueta</span> <span class='ocrx_word' id='word_1_118' title='bbox 1091 1513 1271 1562; x_wconf 88' lang='lat' dir='ltr'>locavit</span> 
     </span>
     <span class='ocr_line' id='line_1_18' title="bbox 121 1592 1533 1656; baseline 0.003 -17"><span class='ocrx_word' id='word_1_119' title='bbox 121 1592 344 1641; x_wconf 89' lang='lat' dir='ltr'>membra</span> <span class='ocrx_word' id='word_1_120' title='bbox 379 1610 654 1656; x_wconf 90' lang='lat' dir='ltr'>manusque</span> <span class='ocrx_word' id='word_1_121' title='bbox 688 1595 861 1642; x_wconf 88' lang='lat' dir='ltr'>ambas</span> <span class='ocrx_word' id='word_1_122' title='bbox 898 1594 1068 1643; x_wconf 89' lang='lat' dir='ltr'>iaculis</span> <span class='ocrx_word' id='word_1_123' title='bbox 1105 1594 1327 1643; x_wconf 90' lang='lat' dir='ltr'>oneravit</span> <span class='ocrx_word' id='word_1_124' title='bbox 1360 1595 1533 1655; x_wconf 87' lang='lat' dir='ltr'>acutis,</span> 
     </span>
     <span class='ocr_line' id='line_1_19' title="bbox 119 1673 1401 1738; baseline 0.002 -17"><span class='ocrx_word' id='word_1_125' title='bbox 119 1689 231 1722; x_wconf 88' lang='lat' dir='ltr'>aere</span> <span class='ocrx_word' id='word_1_126' title='bbox 268 1682 415 1736; x_wconf 87' lang='lat' dir='ltr'>caput</span> <span class='ocrx_word' id='word_1_127' title='bbox 450 1675 641 1737; x_wconf 86' lang='lat' dir='ltr'>fulgens</span> <span class='ocrx_word' id='word_1_128' title='bbox 677 1673 921 1738; x_wconf 90' lang='lat' dir='ltr'>cristaque</span> <span class='ocrx_word' id='word_1_129' title='bbox 956 1674 1171 1723; x_wconf 89' lang='lat' dir='ltr'>hirsutus</span> <span class='ocrx_word' id='word_1_130' title='bbox 1207 1675 1401 1738; x_wconf 90' lang='lat' dir='ltr'>equina.</span> 
     </span>
     <span class='ocr_line' id='line_1_20' title="bbox 120 1752 1787 1820; baseline 0.003 -19"><span class='ocrx_word' id='word_1_131' title='bbox 120 1752 190 1802; x_wconf 89' lang='lat' dir='ltr'>sic</span> <span class='ocrx_word' id='word_1_132' title='bbox 226 1770 423 1801; x_wconf 91' lang='lat' dir='ltr'>cursum</span> <span class='ocrx_word' id='word_1_133' title='bbox 459 1753 511 1801; x_wconf 94' lang='lat' dir='ltr'>in</span> <span class='ocrx_word' id='word_1_134' title='bbox 548 1754 739 1803; x_wconf 90' lang='lat' dir='ltr'>medios</span> <span class='ocrx_word' id='word_1_135' title='bbox 775 1754 974 1818; x_wconf 90' lang='lat' dir='ltr'>rapidus</span> <span class='ocrx_word' id='word_1_136' title='bbox 1010 1755 1162 1804; x_wconf 90' lang='lat' dir='ltr'>dedit.</span> <span class='ocrx_word' id='word_1_137' title='bbox 1235 1765 1426 1804; x_wconf 86' lang='lat' dir='ltr'>aestuat</span> <span class='ocrx_word' id='word_1_138' title='bbox 1462 1755 1636 1820; x_wconf 88' lang='lat' dir='ltr'>ingens</span> <span class='ocrx_word' id='word_1_139' title='bbox 1707 1768 1787 1818; x_wconf 85' lang='lat'>870</span> 
     </span>
     <span class='ocr_line' id='line_1_21' title="bbox 120 1834 1392 1902; baseline 0.003 -21"><span class='ocrx_word' id='word_1_140' title='bbox 120 1850 223 1882; x_wconf 90' lang='lat' dir='ltr'>uno</span> <span class='ocrx_word' id='word_1_141' title='bbox 257 1834 309 1881; x_wconf 92' lang='lat' dir='ltr'>in</span> <span class='ocrx_word' id='word_1_142' title='bbox 345 1835 494 1883; x_wconf 90' lang='lat' dir='ltr'>corde</span> <span class='ocrx_word' id='word_1_143' title='bbox 529 1836 691 1897; x_wconf 92' lang='lat' dir='ltr'>pudor</span> <span class='ocrx_word' id='word_1_144' title='bbox 726 1835 979 1902; x_wconf 88' lang='lat' dir='ltr'>mixtoque</span> <span class='ocrx_word' id='word_1_145' title='bbox 1014 1835 1208 1884; x_wconf 85' lang='lat' dir='ltr'>insania</span> <span class='ocrx_word' id='word_1_146' title='bbox 1242 1839 1392 1885; x_wconf 84' lang='lat' dir='ltr'>luctu.</span> 
     </span>
     <span class='ocr_line' id='line_1_22' title="bbox 121 1914 1322 1983; baseline 0.002 -20"><span class='ocrx_word' id='word_1_147' title='bbox 121 1914 191 1982; x_wconf 93' lang='lat' dir='ltr'>[et</span> <span class='ocrx_word' id='word_1_148' title='bbox 225 1916 359 1964; x_wconf 91' lang='lat' dir='ltr'>furiis</span> <span class='ocrx_word' id='word_1_149' title='bbox 395 1915 604 1979; x_wconf 85' lang='lat' dir='ltr'>agitatus</span> <span class='ocrx_word' id='word_1_150' title='bbox 638 1933 778 1965; x_wconf 88' lang='lat' dir='ltr'>amor</span> <span class='ocrx_word' id='word_1_151' title='bbox 813 1926 862 1965; x_wconf 89' lang='lat' dir='ltr'>et</span> <span class='ocrx_word' id='word_1_152' title='bbox 897 1917 1098 1966; x_wconf 90' lang='lat' dir='ltr'>conscia</span> <span class='ocrx_word' id='word_1_153' title='bbox 1132 1915 1322 1983; x_wconf 72' lang='lat' dir='ltr'>virtus]</span> 
     </span>
     <span class='ocr_line' id='line_1_23' title="bbox 185 1997 1430 2060; baseline 0.001 -15"><span class='ocrx_word' id='word_1_154' title='bbox 185 2000 354 2060; x_wconf 88' lang='lat' dir='ltr'>Atque</span> <span class='ocrx_word' id='word_1_155' title='bbox 388 1997 469 2045; x_wconf 92' lang='lat' dir='ltr'>hic</span> <span class='ocrx_word' id='word_1_156' title='bbox 504 1999 711 2045; x_wconf 88' lang='lat' dir='ltr'>Aenean</span> <span class='ocrx_word' id='word_1_157' title='bbox 747 2014 925 2060; x_wconf 89' lang='lat' dir='ltr'>magna</span> <span class='ocrx_word' id='word_1_158' title='bbox 961 2007 1032 2046; x_wconf 92' lang='lat' dir='ltr'>ter</span> <span class='ocrx_word' id='word_1_159' title='bbox 1067 2015 1190 2046; x_wconf 92' lang='lat' dir='ltr'>voce</span> <span class='ocrx_word' id='word_1_160' title='bbox 1225 1998 1430 2047; x_wconf 91' lang='lat' dir='ltr'>vocavit.</span> 
     </span>
     <span class='ocr_line' id='line_1_24' title="bbox 118 2076 1305 2141; baseline 0.002 -17"><span class='ocrx_word' id='word_1_161' title='bbox 118 2079 314 2125; x_wconf 88' lang='lat' dir='ltr'>Aeneas</span> <span class='ocrx_word' id='word_1_162' title='bbox 349 2076 549 2140; x_wconf 86' lang='lat' dir='ltr'>agnovit</span> <span class='ocrx_word' id='word_1_163' title='bbox 585 2076 719 2125; x_wconf 90' lang='lat' dir='ltr'>enim</span> <span class='ocrx_word' id='word_1_164' title='bbox 754 2079 1012 2140; x_wconf 90' lang='lat' dir='ltr'>laetusque</span> <span class='ocrx_word' id='word_1_165' title='bbox 1047 2087 1305 2141; x_wconf 86' lang='lat' dir='ltr'>precatur:</span> 
     </span>
     <span class='ocr_line' id='line_1_25' title="bbox 123 2156 1782 2222; baseline 0.002 -18"><span class='ocrx_word' id='word_1_166' title='bbox 123 2156 218 2205; x_wconf 88' lang='lat' dir='ltr'>‘sic</span> <span class='ocrx_word' id='word_1_167' title='bbox 254 2166 391 2220; x_wconf 91' lang='lat' dir='ltr'>pater</span> <span class='ocrx_word' id='word_1_168' title='bbox 426 2157 506 2205; x_wconf 90' lang='lat' dir='ltr'>ille</span> <span class='ocrx_word' id='word_1_169' title='bbox 542 2159 693 2205; x_wconf 92' lang='lat' dir='ltr'>deum</span> <span class='ocrx_word' id='word_1_170' title='bbox 729 2157 886 2217; x_wconf 89' lang='lat' dir='ltr'>faciat,</span> <span class='ocrx_word' id='word_1_171' title='bbox 927 2157 998 2206; x_wconf 90' lang='lat' dir='ltr'>sic</span> <span class='ocrx_word' id='word_1_172' title='bbox 1032 2160 1159 2207; x_wconf 88' lang='lat' dir='ltr'>altus</span> <span class='ocrx_word' id='word_1_173' title='bbox 1194 2161 1408 2222; x_wconf 79' lang='lat' dir='ltr'>Apollo!</span> <span class='ocrx_word' id='word_1_174' title='bbox 1704 2170 1782 2221; x_wconf 86' lang='lat'>875</span> 
     </span>
     <span class='ocr_line' id='line_1_26' title="bbox 118 2237 852 2300; baseline 0.001 -15"><span class='ocrx_word' id='word_1_175' title='bbox 118 2237 323 2300; x_wconf 85' lang='lat' dir='ltr'>incipias</span> <span class='ocrx_word' id='word_1_176' title='bbox 359 2240 581 2287; x_wconf 91' lang='lat' dir='ltr'>conferre</span> <span class='ocrx_word' id='word_1_177' title='bbox 617 2240 852 2286; x_wconf 90' lang='lat' dir='ltr'>manum.&#39;</span> 
     </span>
     <span class='ocr_line' id='line_1_27' title="bbox 117 2319 1378 2370; baseline 0.003 -4"><span class='ocrx_word' id='word_1_178' title='bbox 117 2327 308 2366; x_wconf 89' lang='lat' dir='ltr'>tantum</span> <span class='ocrx_word' id='word_1_179' title='bbox 345 2321 517 2367; x_wconf 87' lang='lat' dir='ltr'>effatus</span> <span class='ocrx_word' id='word_1_180' title='bbox 553 2328 602 2368; x_wconf 92' lang='lat' dir='ltr'>et</span> <span class='ocrx_word' id='word_1_181' title='bbox 636 2319 814 2368; x_wconf 90' lang='lat' dir='ltr'>infesta</span> <span class='ocrx_word' id='word_1_182' title='bbox 849 2319 981 2369; x_wconf 91' lang='lat' dir='ltr'>subit</span> <span class='ocrx_word' id='word_1_183' title='bbox 1016 2319 1191 2370; x_wconf 90' lang='lat' dir='ltr'>obvius</span> <span class='ocrx_word' id='word_1_184' title='bbox 1226 2323 1378 2370; x_wconf 89' lang='lat' dir='ltr'>hasta.</span> 
     </span>
     <span class='ocr_line' id='line_1_28' title="bbox 117 2398 1457 2465; baseline 0.004 -20"><span class='ocrx_word' id='word_1_185' title='bbox 117 2398 198 2447; x_wconf 91' lang='lat' dir='ltr'>ille</span> <span class='ocrx_word' id='word_1_186' title='bbox 232 2408 428 2448; x_wconf 88' lang='lat' dir='ltr'>autern:</span> <span class='ocrx_word' id='word_1_187' title='bbox 480 2400 631 2462; x_wconf 87' lang='lat' dir='ltr'>‘quid</span> <span class='ocrx_word' id='word_1_188' title='bbox 668 2418 748 2449; x_wconf 90' lang='lat' dir='ltr'>me</span> <span class='ocrx_word' id='word_1_189' title='bbox 783 2411 967 2465; x_wconf 92' lang='lat' dir='ltr'>erepto,</span> <span class='ocrx_word' id='word_1_190' title='bbox 1006 2402 1301 2462; x_wconf 89' lang='lat' dir='ltr'>saevissime,</span> <span class='ocrx_word' id='word_1_191' title='bbox 1339 2412 1457 2452; x_wconf 91' lang='lat' dir='ltr'>nato</span> 
     </span>
     <span class='ocr_line' id='line_1_29' title="bbox 117 2480 1464 2546; baseline 0.005 -21"><span class='ocrx_word' id='word_1_192' title='bbox 117 2481 306 2527; x_wconf 89' lang='lat' dir='ltr'>terres?</span> <span class='ocrx_word' id='word_1_193' title='bbox 352 2481 475 2529; x_wconf 90' lang='lat' dir='ltr'>haec</span> <span class='ocrx_word' id='word_1_194' title='bbox 510 2480 589 2529; x_wconf 89' lang='lat' dir='ltr'>via</span> <span class='ocrx_word' id='word_1_195' title='bbox 625 2483 729 2529; x_wconf 91' lang='lat' dir='ltr'>sola</span> <span class='ocrx_word' id='word_1_196' title='bbox 764 2481 855 2529; x_wconf 91' lang='lat' dir='ltr'>fuit</span> <span class='ocrx_word' id='word_1_197' title='bbox 891 2499 990 2544; x_wconf 92' lang='lat' dir='ltr'>qua</span> <span class='ocrx_word' id='word_1_198' title='bbox 1024 2484 1229 2545; x_wconf 91' lang='lat' dir='ltr'>perdere</span> <span class='ocrx_word' id='word_1_199' title='bbox 1263 2500 1464 2546; x_wconf 89' lang='lat' dir='ltr'>posses:</span> 
     </span>
     <span class='ocr_line' id='line_1_30' title="bbox 117 2563 1782 2626; baseline 0.004 -19"><span class='ocrx_word' id='word_1_200' title='bbox 117 2576 209 2608; x_wconf 91' lang='lat' dir='ltr'>nec</span> <span class='ocrx_word' id='word_1_201' title='bbox 246 2570 455 2609; x_wconf 90' lang='lat' dir='ltr'>mortem</span> <span class='ocrx_word' id='word_1_202' title='bbox 492 2563 748 2611; x_wconf 91' lang='lat' dir='ltr'>horremus</span> <span class='ocrx_word' id='word_1_203' title='bbox 785 2580 878 2612; x_wconf 92' lang='lat' dir='ltr'>nec</span> <span class='ocrx_word' id='word_1_204' title='bbox 914 2563 1084 2612; x_wconf 90' lang='lat' dir='ltr'>divum</span> <span class='ocrx_word' id='word_1_205' title='bbox 1121 2563 1366 2626; x_wconf 87' lang='lat' dir='ltr'>parcimus</span> <span class='ocrx_word' id='word_1_206' title='bbox 1401 2564 1500 2613; x_wconf 88' lang='lat' dir='ltr'>uni.</span> <span class='ocrx_word' id='word_1_207' title='bbox 1700 2574 1782 2614; x_wconf 86' lang='lat'>880</span> 
     </span>
     <span class='ocr_line' id='line_1_31' title="bbox 117 2640 1488 2707; baseline 0.004 -20"><span class='ocrx_word' id='word_1_208' title='bbox 117 2640 302 2700; x_wconf 91' lang='lat' dir='ltr'>desine,</span> <span class='ocrx_word' id='word_1_209' title='bbox 341 2659 456 2689; x_wconf 91' lang='lat' dir='ltr'>nam</span> <span class='ocrx_word' id='word_1_210' title='bbox 493 2643 639 2692; x_wconf 92' lang='lat' dir='ltr'>venio</span> <span class='ocrx_word' id='word_1_211' title='bbox 676 2643 940 2692; x_wconf 88' lang='lat' dir='ltr'>moriturus</span> <span class='ocrx_word' id='word_1_212' title='bbox 977 2653 1026 2692; x_wconf 91' lang='lat' dir='ltr'>et</span> <span class='ocrx_word' id='word_1_213' title='bbox 1061 2645 1184 2693; x_wconf 91' lang='lat' dir='ltr'>haec</span> <span class='ocrx_word' id='word_1_214' title='bbox 1220 2644 1310 2693; x_wconf 92' lang='lat' dir='ltr'>tibi</span> <span class='ocrx_word' id='word_1_215' title='bbox 1344 2654 1488 2707; x_wconf 91' lang='lat' dir='ltr'>porto</span> 
     </span>
     <span class='ocr_line' id='line_1_32' title="bbox 116 2722 1526 2788; baseline 0.004 -20"><span class='ocrx_word' id='word_1_216' title='bbox 116 2722 251 2769; x_wconf 88' lang='lat' dir='ltr'>dona</span> <span class='ocrx_word' id='word_1_217' title='bbox 285 2722 448 2784; x_wconf 92' lang='lat' dir='ltr'>prius.&#39;</span> <span class='ocrx_word' id='word_1_218' title='bbox 519 2723 653 2783; x_wconf 85' lang='lat' dir='ltr'>dixit,</span> <span class='ocrx_word' id='word_1_219' title='bbox 693 2727 946 2788; x_wconf 89' lang='lat' dir='ltr'>telumque</span> <span class='ocrx_word' id='word_1_220' title='bbox 983 2724 1175 2774; x_wconf 91' lang='lat' dir='ltr'>intorsit</span> <span class='ocrx_word' id='word_1_221' title='bbox 1211 2724 1262 2772; x_wconf 90' lang='lat' dir='ltr'>in</span> <span class='ocrx_word' id='word_1_222' title='bbox 1298 2727 1526 2786; x_wconf 77' lang='lat' dir='ltr'>hostem3</span> 
     </span>
    </p>
   </div>
   <div class='ocr_carea' id='block_1_3' title="bbox 108 2848 1778 3066">
    <p class='ocr_par' dir='ltr' id='par_1_3' title="bbox 108 2848 1778 3066">
     <span class='ocr_line' id='line_1_33' title="bbox 171 2848 1776 2903; baseline 0.005 -16"><span class='ocrx_word' id='word_1_223' title='bbox 171 2850 357 2897; x_wconf 85' lang='lat'>852-882</span> <span class='ocrx_word' id='word_1_224' title='bbox 380 2848 510 2888; x_wconf 85' lang='lat' dir='ltr'>MPR</span> <span class='ocrx_word' id='word_1_225' title='bbox 692 2853 771 2901; x_wconf 88' lang='lat'>857</span> <span class='ocrx_word' id='word_1_226' title='bbox 803 2853 994 2902; x_wconf 87' lang='lat' dir='ltr'>quamvis</span> <span class='ocrx_word' id='word_1_227' title='bbox 1015 2854 1100 2893; x_wconf 92' lang='lat' dir='ltr'>alto</span> <span class='ocrx_word' id='word_1_228' title='bbox 1121 2853 1178 2892; x_wconf 82' lang='lat' dir='ltr'>P²</span> <span class='ocrx_word' id='word_1_229' title='bbox 1196 2867 1205 2892; x_wconf 74' lang='grc' dir='ltr'>ε</span> <span class='ocrx_word' id='word_1_230' title='bbox 1236 2853 1429 2903; x_wconf 88' lang='lat' dir='ltr'>quamvis</span> <span class='ocrx_word' id='word_1_231' title='bbox 1450 2853 1572 2892; x_wconf 92' lang='lat' dir='ltr'>dolor</span> <span class='ocrx_word' id='word_1_232' title='bbox 1591 2854 1676 2892; x_wconf 87' lang='lat' dir='ltr'>alto</span> <span class='ocrx_word' id='word_1_233' title='bbox 1697 2882 1707 2892; x_wconf 88' lang='lat'><strong>.</strong></span> <span class='ocrx_word' id='word_1_234' title='bbox 1732 2885 1740 2894; x_wconf 92' lang='lat'><strong>.</strong></span> <span class='ocrx_word' id='word_1_235' title='bbox 1764 2882 1776 2895; x_wconf 87' lang='lat'><strong>.</strong></span> 
     </span>
     <span class='ocr_line' id='line_1_34' title="bbox 117 2903 1776 2959; baseline 0.004 -19"><span class='ocrx_word' id='word_1_236' title='bbox 117 2904 255 2940; x_wconf 84' lang='lat' dir='ltr'>tardet</span> <span class='ocrx_word' id='word_1_237' title='bbox 267 2903 523 2955; x_wconf 85' lang='lat' dir='ltr'>Peerlkamp,</span> <span class='ocrx_word' id='word_1_238' title='bbox 552 2906 688 2955; x_wconf 83' lang='lat' dir='ltr'>recepit</span> <span class='ocrx_word' id='word_1_239' title='bbox 707 2906 898 2947; x_wconf 84' lang='lat' dir='ltr'>Ribbeck:</span> <span class='ocrx_word' id='word_1_240' title='bbox 932 2909 1072 2946; x_wconf 87' lang='lat' dir='ltr'>tardet</span> <span class='ocrx_word' id='word_1_241' title='bbox 1097 2906 1336 2956; x_wconf 76' lang='lat' dir='ltr'>M²P²7¹bcz</span> <span class='ocrx_word' id='word_1_242' title='bbox 1371 2909 1492 2946; x_wconf 89' lang='lat' dir='ltr'>tarda</span> <span class='ocrx_word' id='word_1_243' title='bbox 1508 2912 1572 2946; x_wconf 88' lang='lat' dir='ltr'>est</span> <span class='ocrx_word' id='word_1_244' title='bbox 1586 2906 1776 2959; x_wconf 83' lang='lat' dir='ltr'>Schaper,</span> 
     </span>
     <span class='ocr_line' id='line_1_35' title="bbox 108 2955 1778 3012; baseline 0.007 -20"><span class='ocrx_word' id='word_1_245' title='bbox 108 2955 256 3005; x_wconf 84' lang='lat' dir='ltr'>probat</span> <span class='ocrx_word' id='word_1_246' title='bbox 286 2955 495 2998; x_wconf 83' lang='lat' dir='ltr'>Deuticke:</span> <span class='ocrx_word' id='word_1_247' title='bbox 545 2960 666 2998; x_wconf 86' lang='lat' dir='ltr'>ardat</span> <span class='ocrx_word' id='word_1_248' title='bbox 698 2960 769 2998; x_wconf 88' lang='lat' dir='ltr'>M1</span> <span class='ocrx_word' id='word_1_249' title='bbox 969 2963 1049 3000; x_wconf 86' lang='lat'>862</span> <span class='ocrx_word' id='word_1_250' title='bbox 1079 2963 1242 3001; x_wconf 84' lang='lat' dir='ltr'>cruenti</span> <span class='ocrx_word' id='word_1_251' title='bbox 1275 2962 1331 3000; x_wconf 88' lang='lat' dir='ltr'>P¹</span> <span class='ocrx_word' id='word_1_252' title='bbox 1362 2963 1543 3012; x_wconf 80' lang='lat' dir='ltr'>agnoscit</span> <span class='ocrx_word' id='word_1_253' title='bbox 1573 2961 1627 3002; x_wconf 90' lang='lat' dir='ltr'>D.</span> <span class='ocrx_word' id='word_1_254' title='bbox 1660 2961 1778 3003; x_wconf 84' lang='lat' dir='ltr'>Serv.</span> 
     </span>
     <span class='ocr_line' id='line_1_36' title="bbox 114 3009 1390 3066; baseline 0.007 -19"><span class='ocrx_word' id='word_1_255' title='bbox 114 3009 196 3059; x_wconf 88' lang='lat'>863</span> <span class='ocrx_word' id='word_1_256' title='bbox 227 3010 416 3050; x_wconf 85' lang='lat' dir='ltr'>dolorem</span> <span class='ocrx_word' id='word_1_257' title='bbox 436 3011 521 3064; x_wconf 71' lang='grc' dir='ltr'>Ργ1</span> <span class='ocrx_word' id='word_1_258' title='bbox 686 3015 764 3063; x_wconf 87' lang='lat'>872</span> <span class='ocrx_word' id='word_1_259' title='bbox 789 3033 823 3047; x_wconf 94' lang='lat'>=</span> <span class='ocrx_word' id='word_1_260' title='bbox 844 3016 915 3053; x_wconf 86' lang='lat' dir='ltr'>xii.</span> <span class='ocrx_word' id='word_1_261' title='bbox 938 3016 1019 3054; x_wconf 88' lang='lat'>668</span> <span class='ocrx_word' id='word_1_262' title='bbox 1039 3029 1121 3056; x_wconf 87' lang='lat' dir='ltr'>om.</span> <span class='ocrx_word' id='word_1_263' title='bbox 1146 3015 1390 3066; x_wconf 75' lang='lat' dir='ltr'>MPR7¹a¹b</span> 
     </span>
    </p>
   </div>
  </div>
 </body>
</html>
