2014 3372
1364 162 1726 212 AENEIDOS
1768 162 1792 210 I

128 316 255 363 quae
290 316 395 360 nos,
432 299 662 363 >reliquias
700 303 945 361 Danaum,
985 310 1240 365 terraeque
1275 301 1523 366 man'sque

125 381 357 430 omnibus
395 382 641 430 exhaustis
677 381 775 430 iam
812 382 1021 442 casibus,
1061 383 1285 432 omnium
1321 401 1518 447 egenos,

123 464 257 523 urbe,
299 465 453 511 domo
489 463 660 523 sociaS‚
699 472 857 526 grates
882 466 1160 527 persolvere
1196 465 1370 528 dignas
1710 475 1792 516 600

122 561 224 593 non
261 543 368 606 opis
406 553 478 592 est
515 553 722 603 nostrae,
765 545 914 604 Dido,
954 562 1047 594 nec
1084 545 1328 609 quidquid
1364 547 1551 610 ubique
1587 556 1660 597 est

119 625 278 688 gentis
317 625 609 685 Dardaniae,
651 643 885 689 magnum
922 643 1050 690 quae
1087 643 1251 690 sparsa
1287 645 1375 691 per
1410 630 1596 679 orbem.

120 705 172 754 di
209 705 311 766 tibi,
351 705 390 754 si
427 723 525 769 qua
560 706 668 770 pios
705 717 983 770 respectant
1019 708 1235 768 numina,
1276 709 1317 757 si
1353 709 1474 772 quid

119 805 330 850 usquam
366 787 548 836 iustitia
585 798 658 836 est
693 798 741 837 et
778 806 917 837 mens
955 789 1048 838 sibi
1084 790 1284 839 conscia
1320 791 1453 850 recti,

118 869 336 933 praemia
371 869 520 932 digna
555 871 724 918 ferant.
800 887 927 933 quae
963 879 1011 919 te
1047 880 1149 919 tam
1185 873 1312 920 laeta
1354 874 1570 921 tulerunt
1707 881 1786 934 605

119 953 353 999 saecula?
396 950 480 1013 qui
516 951 639 999 tanti
676 953 824 1000 talem
860 968 1073 1014 genuere
1109 955 1377 1015 parentes?
1703 957 1709 961 ’
1769 960 1783 966 “

117 1031 168 1079 in
204 1034 325 1080 freta
360 1033 481 1080 dum
518 1027 652 1080 fluvii
689 1042 896 1093 current,
936 1035 1057 1082 dum
1095 1033 1346 1082 montibus
1383 1035 1587 1084 umbrae

117 1114 393 1162 lustrabunt
430 1130 661 1174 convexa,
701 1116 844 1176 polus
881 1115 1002 1163 dum
1038 1114 1199 1164 sidera
1233 1125 1413 1178 pascet,

117 1211 311 1257 semper
345 1196 507 1243 honos
543 1212 828 1258 nomenque
864 1205 1005 1244 tuum
1040 1198 1312 1259 laudesque
1348 1197 1635 1257 manebunt,

118 1292 244 1338 quae
281 1293 360 1324 me
398 1293 612 1338 cumque
648 1285 828 1324 vocant
864 1279 1048 1324 terrae.'
1119 1276 1188 1325 sic
1225 1279 1352 1325 fatus
1388 1277 1604 1325 amicum
1706 1286 1784 1327 610

119 1356 310 1405 Ilionea
346 1357 467 1420 petit
503 1359 672 1406 dextra
708 1359 945 1419 laevaque
982 1359 1245 1417 Serestum,

116 1446 228 1499 post
263 1436 397 1495 alios,
438 1439 715 1500 fortemque
753 1439 896 1499 Gyan
932 1439 1209 1500 fortemque
1247 1439 1563 1488 Cloanthum.

186 1518 439 1581 Obstipuit
475 1518 635 1582 primo
671 1528 874 1582 aspectu
912 1518 1116 1567 Sidonia
1153 1519 1302 1579 Dido,

118 1595 453 1648 casu‘deinde
490 1599 578 1647 viri
614 1609 765 1658 tanto,
806 1610 854 1648 et
890 1600 960 1648 sic
996 1617 1080 1648 ore
1116 1602 1281 1649 locuta
1317 1610 1422 1651 est:

120 1680 255 1743 ‘quis
292 1690 352 1739 te,
394 1689 507 1729 nate
543 1683 651 1741 dea,
690 1698 777 1744 per
812 1690 948 1729 tanta
984 1681 1201 1744 pericula
1237 1699 1379 1731 casus
1702 1692 1781 1745 615

114 1760 427 1824 insequitur?
466 1779 594 1825 quae
628 1762 700 1810 vis
737 1762 1036 1811 immanibus
1072 1763 1286 1826 applicat
1322 1763 1456 1812 oris?

115 1851 234 1890 tune
270 1843 350 1891 ille
386 1845 581 1891 Aeneas
619 1860 769 1906 quem
807 1843 1061 1892 Dardanio
1097 1844 1347 1893 Anchisae

114 1925 243 1971 alma
278 1926 449 1972 Venus
488 1924 683 1987 Phrygii
718 1924 886 1987 genuit
923 1925 1188 1974 Simoentis
1224 1927 1288 1974 ad
1324 1927 1552 1975 undam?

114 2014 262 2067 atque
298 2006 530 2069 equidem
566 2009 816 2055 Teucrum
852 2006 1055 2055 memini
1092 2006 1278 2055 Sidona
1312 2007 1478 2057 venire

114 2085 295 2134 finibus
333 2089 590 2149 expulsum
627 2087 807 2148 patriis,
847 2104 976 2135 nova
1011 2104 1160 2149 regna
1194 2097 1446 2149 petentem
1699 2096 1782 2138 620

114 2166 294 2215 auxilio
332 2168 473 2228 Beli3
519 2167 711 2231 genitor
747 2176 852 2215 tum
891 2169 1040 2216 Belus
1077 2167 1295 2230 opimam

113 2248 335 2296 vastabat
372 2250 591 2311 Cyprum
628 2258 676 2297 et
712 2248 867 2297 victor
903 2247 1100 2297 dicione
1137 2249 1349 2297 tenebat.

114 2338 336 2392 tempore
371 2330 468 2378 iam
508 2348 567 2379 ex
603 2331 687 2379 illo
725 2348 867 2379 casus
905 2330 1026 2378 mihi
1062 2330 1288 2392 cognitus
1325 2330 1458 2380 urbis

114 2409 359 2459 Troianae
395 2429 679 2475 nomenque
716 2421 856 2460 tuum
894 2428 1131 2474 regesque
1168 2411 1372 2474 Pelasgi.

114 2490 219 2553 ipse
254 2492 409 2541 hostis
446 2496 666 2542 Teucros
702 2494 881 2557 insigni
917 2496 1063 2542 laude
1100 2494 1287 2541 ferebat
1699 2504 1777 2556 625

116 2588 266 2634 seque
303 2583 463 2621 ortum
499 2574 703 2637 antiqua
737 2577 1043 2623 Teucrorum
1079 2591 1109 2622 a
1145 2574 1293 2636 stirpe
1328 2576 1538 2624 volebat.

170 2705 357 2752 598-611
380 2702 572 2753 FMPR;
604 2707 792 2743 612-626
813 2705 943 2744 MPR
1126 2719 1208 2754 599
1239 2706 1462 2745 exhaustis
1482 2706 1537 2744 Fl
1561 2707 1612 2746 D.
1632 2708 1747 2748 Serv.
1769 2723 1778 2748 ε

116 2758 348 2795 exhaustos
385 2759 496 2796 ceteri
684 2760 763 2807 604
793 2760 978 2798 iustitiae
1007 2758 1198 2798 FM2PR
1230 2762 1338 2810 (teste
1365 2759 1528 2810 Hemy)
1560 2761 1632 2799 bcff
1660 2762 1773 2802 Serv.

114 2811 158 2848 in
189 2812 392 2857 lemmate,
429 2812 500 2850 sed
527 2813 832 2852 nominativum
857 2814 996 2864 legisse
1027 2813 1187 2852 m'dstur
1362 2816 1442 2862 605
1474 2815 1611 2854 ferent
1638 2817 1778 2863 Jortin

115 2866 195 2903 608
237 2865 490 2915 lustrabunt,
545 2879 736 2905 convexa
786 2869 1083 2918 interpungunt
1128 2867 1205 2905 FP
1244 2868 1258 2911 <
1263 2873 1354 2906 teste
1391 2866 1553 2919 Hemy)
1592 2869 1770 2922 Ribbeck,

115 2921 298 2969 agnoscit
311 2919 422 2959 Serv.
443 2934 450 2958 ε
474 2922 606 2959 lustra
620 2921 778 2959 dabunt
790 2921 991 2959 Heinsius
1098 2921 1234 2971 pascit
1247 2921 1367 2973 M71:
1396 2923 1595 2972 poscetF
1697 2926 1777 2964 620

116 2974 250 3021 patris
269 2973 364 3012 P¹cl
529 2976 608 3023 625
638 2974 817 3023 insignis
838 2975 894 3013 Pl
913 2975 967 3014 D.
991 2975 1107 3015 Serv.

174 3050 303 3079 vene.
1643 3041 1670 3077 9
