2014 3372
1294 161 1440 215 AEN
1445 159 1656 209 EIDOS
1692 159 1829 217 V111

162 299 248 363 qui
283 299 427 364 primi
463 300 573 348 finis
608 299 878 363 aliquando
913 300 1131 348 habuere
1168 298 1386 348 Latinos.

162 383 297 431 haud
332 384 503 445 procul
539 381 654 430 hinc
691 383 889 431 Tarcho
926 391 975 430 et
1010 381 1253 444 Tyrrheni
1288 390 1394 430 tuta
1429 381 1666 430 tenebant

161 472 321 510 castra
355 462 490 521 locis,
530 464 763 525 celsoque
798 461 961 511 omnis
998 464 1062 511 de
1098 464 1225 510 colle
1260 461 1416 510 videri

160 543 259 591 iam
294 553 486 607 poterat
520 543 648 606 legio
684 553 733 592 et
766 542 876 591 latis
913 544 1151 591 tendebat
1185 543 1237 590 in
1272 542 1412 592 arvis.
1747 553 1824 603 605

159 626 257 673 huc
293 634 430 688 pater
466 628 661 674 Aeneas
698 634 747 673 et
780 626 914 674 bello
950 627 1077 673 lecta
1112 625 1339 674 iuventus

159 707 445 764 succedunt,
485 705 698 768 fessique
735 715 783 754 et
816 722 971 768 equos
1007 714 1057 754 et
1091 722 1297 768 corpora
1331 714 1517 753 curant.

156 846 159 849 ,
226 790 293 835 At
329 789 500 835 Venus
536 787 779 836 aetherios
815 787 942 836 inter
976 789 1071 836 dea
1106 787 1321 836 candida
1355 787 1555 837 nimbos

159 869 294 916 dona
328 869 487 916 ferens
524 870 727 928 aderat3
772 876 1046 930 natumque
1082 867 1134 915 in
1169 870 1295 916 valle
1331 869 1539 917 reducta

157 957 211 996 ut
247 950 417 1010 procul
454 947 646 1011 egelido
683 957 927 996 secretum
962 947 1167 996 flumine
1202 947 1337 1008 vidit,
1746 957 1828 996 610

157 1029 337 1078 talibus
372 1032 539 1078 adfata
574 1039 647 1078 est
684 1029 828 1079 dictis
865 1047 1016 1093 seque
1052 1028 1232 1078 obtulit
1267 1031 1429 1078 ultro:

160 1114 171 1134 ‘
191 1127 253 1158 en
290 1112 506 1173 perfecta
541 1110 638 1159 mei
674 1110 916 1174 promissa
951 1110 1173 1174 coniugis
1210 1120 1312 1159 arte

156 1208 392 1240 munera:
441 1209 504 1240 ne
541 1209 657 1240 mox
690 1200 775 1240 aut
811 1191 1083 1251 Laurentis,
1124 1201 1251 1251 nate,
1291 1192 1531 1255 superbos

154 1281 240 1319 aut
274 1289 437 1320 acrem
473 1272 671 1321 dubites
706 1272 758 1320 in
792 1272 979 1335 proelia
1012 1289 1216 1335 poscere
1252 1275 1509 1321 Turnum.'

155 1352 288 1411 dixit,
331 1362 379 1401 et
414 1355 669 1416 amplexus
706 1353 810 1401 nati
847 1355 1092 1415 Cytherea
1127 1353 1312 1417 petivit,
1742 1361 1822 1413 615

153 1451 290 1482 arma
326 1435 418 1482 sub
454 1436 658 1483 adversa
694 1434 859 1498 posuit
894 1434 1134 1483 radiantia
1170 1452 1367 1497 quercu.

154 1514 236 1562 ille
272 1517 395 1564 deae
432 1515 576 1564 donis
613 1525 662 1564 et
698 1524 836 1564 tanto
872 1517 1029 1564 laetus
1065 1517 1255 1565 honore

153 1595 336 1658 expleri
370 1596 542 1658 nequit
576 1606 725 1658 atque
761 1598 933 1644 oculos
969 1613 1056 1659 per
1091 1597 1282 1659 singula
1317 1597 1482 1657 volvit,

154 1676 453 1738 miraturque
488 1676 713 1738 interque
750 1693 926 1724 manus
963 1686 1011 1725 et
1048 1677 1278 1726 bracchia
1313 1688 1472 1727 versat

153 1756 418 1805 terribilem
456 1756 610 1804 cristis
646 1759 836 1819 galeam
873 1759 1197 1820 flammasque
1233 1769 1532 1818 vomentem,
1744 1769 1824 1808 620

152 1836 497 1899 fatiferumque
535 1854 718 1895 ensem,
759 1836 961 1885 loricam
998 1855 1057 1886 ex
1091 1855 1202 1887 aere
1239 1839 1490 1901 rigentem,

151 1917 485 1980 sanguineam,
524 1917 788 1981 ingentem,
829 1917 986 1979 qualis
1023 1935 1138 1966 cum
1175 1921 1368 1968 caerula
1403 1921 1561 1969 nubes

151 1998 268 2046 solis
304 1998 567 2046 inardescit
604 1998 751 2046 radiis
787 2000 1033 2061 longeque
1069 2001 1273 2061 refulget
1290 2018 1303 2060 3

152 2090 258 2128 tum
294 2080 413 2128 levis
451 2097 619 2128 ocreas
658 2081 840 2127 electro
876 2096 1096 2142 auroque
1132 2090 1342 2139 recocto,

150 2162 443 2223 hastamque
481 2170 528 2209 et
566 2160 711 2223 clipei
747 2177 850 2208 non
888 2160 1157 2208 enarrabile
1193 2170 1393 2210 textum.
1741 2173 1818 2224 625

150 2241 249 2289 11110
286 2259 361 2290 res
399 2244 548 2290 Italas
588 2244 1033 2304 Romanorumque
1070 2241 1345 2305 triumphos

149 2323 284 2370 haud
319 2331 486 2370 vatum
523 2322 718 2385 ignarus
754 2322 1045 2385 venturique
1082 2322 1263 2371 inscius
1300 2323 1407 2372 aevi

148 2404 329 2451 fecerat
365 2403 658 2465 ignipotens,
698 2403 797 2451 illic
833 2420 987 2466 genus
1025 2420 1174 2452 omne
1210 2405 1399 2453 futurae

148 2483 309 2546 stirpis
345 2485 409 2532 ab
445 2483 663 2532 Ascanio
700 2494 1016 2547 pugnataque
1052 2484 1104 2531 in
1141 2484 1313 2533 ordine
1352 2486 1491 2534 bella.

147 2566 328 2612 fecerat
363 2574 412 2612 et
447 2565 588 2614 viridi
623 2567 771 2614 fetam
811 2566 1049 2615 Mavortis
1086 2566 1136 2614 in
1172 2577 1312 2616 antro
1735 2576 1818 2629 630

146 2644 467 2706 procubuisse
503 2648 685 2708 lupam,
724 2646 948 2709 geminos
985 2647 1101 2696 huic
1137 2649 1290 2697 ubera
1323 2649 1509 2697 circum

146 2726 317 2773 ludere
352 2726 614 2788 pendentis
651 2744 829 2789 pueros
866 2737 914 2776 et
950 2729 1167 2777 lambere
1204 2739 1409 2778 matrem

146 2804 435 2867 impavidos,
477 2805 611 2853 illam
648 2806 788 2855 tereti
823 2807 1013 2855 cervice
1051 2810 1229 2856 reflexa

200 2932 389 2982 6024633
410 2932 540 2971 MPR
812 2936 894 2973 610
925 2941 966 2975 et
987 2937 1129 2985 gelido
1152 2936 1373 2989 M2PR7b¹
1391 2952 1399 2976 t
1432 2939 1625 2988 ecgelido
1647 2939 1815 2978 Ribbeck

145 2989 517 3081 ῗέἕθέἓέεῧῖῗι]
542 2988 772 3027 minantem
800 2988 886 3041 Ργ1
1080 2993 1160 3030 628
1190 2993 1462 3042 omnipotens
1489 2992 1543 3030 M
1731 2995 1813 3044 633
