<?xml version="1.0" encoding="UTF-8"?>
<!DOCTYPE html PUBLIC "-//W3C//DTD XHTML 1.0 Transitional//EN"
    "http://www.w3.org/TR/xhtml1/DTD/xhtml1-transitional.dtd">
<html xmlns="http://www.w3.org/1999/xhtml" xml:lang="en" lang="en">
 <head>
  <title>
</title>
<meta http-equiv="Content-Type" content="text/html;charset=utf-8" />
  <meta name='ocr-system' content='tesseract 3.04.00' />
  <meta name='ocr-capabilities' content='ocr_page ocr_carea ocr_par ocr_line ocrx_word'/>
</head>
<body>
  <div class='ocr_page' id='page_1' title='image "./operarecognovitb00virguoft_0318.png"; bbox 0 0 2014 3372; ppageno 0'>
   <div class='ocr_carea' id='block_1_1' title="bbox 266 128 1061 187">
    <p class='ocr_par' dir='ltr' id='par_1_1' title="bbox 266 128 1061 187">
     <span class='ocr_line' id='line_1_1' title="bbox 266 128 1061 187; baseline 0.004 -13"><span class='ocrx_word' id='word_1_1' title='bbox 266 128 318 175; x_wconf 90' lang='lat' dir='ltr'><strong>P.</strong></span> <span class='ocrx_word' id='word_1_2' title='bbox 358 128 658 176; x_wconf 85' lang='lat' dir='ltr'>VERGILI</span> <span class='ocrx_word' id='word_1_3' title='bbox 700 128 1026 177; x_wconf 87' lang='lat' dir='ltr'><strong>MARONIS</strong></span> <span class='ocrx_word' id='word_1_4' title='bbox 1058 185 1061 187; x_wconf 54' lang='grc'><strong>,</strong></span> 
     </span>
    </p>
   </div>
   <div class='ocr_carea' id='block_1_2' title="bbox 254 266 1940 2782">
    <p class='ocr_par' dir='ltr' id='par_1_2' title="bbox 257 266 1940 905">
     <span class='ocr_line' id='line_1_2' title="bbox 263 266 1751 333; baseline 0.003 -19"><span class='ocrx_word' id='word_1_5' title='bbox 263 275 622 329; x_wconf 87' lang='lat' dir='ltr'><strong>temptamenta</strong></span> <span class='ocrx_word' id='word_1_6' title='bbox 658 266 730 316; x_wconf 90' lang='lat' dir='ltr'><strong>tui</strong></span> <span class='ocrx_word' id='word_1_7' title='bbox 766 266 931 330; x_wconf 86' lang='lat' dir='ltr'><strong>pepigi</strong></span> <span class='ocrx_word' id='word_1_8' title='bbox 951 285 964 328; x_wconf 77' lang='lat'>3</span> <span class='ocrx_word' id='word_1_9' title='bbox 1014 284 1107 327; x_wconf 90' lang='lat' dir='ltr'><strong>me,</strong></span> <span class='ocrx_word' id='word_1_10' title='bbox 1149 285 1229 316; x_wconf 91' lang='lat' dir='ltr'><strong>me</strong></span> <span class='ocrx_word' id='word_1_11' title='bbox 1265 267 1371 331; x_wconf 91' lang='lat' dir='ltr'><strong>ipse</strong></span> <span class='ocrx_word' id='word_1_12' title='bbox 1407 285 1676 333; x_wconf 88' lang='lat' dir='ltr'><strong>meumque</strong></span> <span class='ocrx_word' id='word_1_13' title='bbox 1747 269 1751 272; x_wconf 53' lang='lat'><em>⁷</em></span> 
     </span>
     <span class='ocr_line' id='line_1_3' title="bbox 263 347 1939 415; baseline 0.002 -17"><span class='ocrx_word' id='word_1_14' title='bbox 263 347 425 398; x_wconf 90' lang='lat' dir='ltr'><strong>obieci</strong></span> <span class='ocrx_word' id='word_1_15' title='bbox 462 358 611 412; x_wconf 89' lang='lat' dir='ltr'><strong>caput</strong></span> <span class='ocrx_word' id='word_1_16' title='bbox 647 358 695 397; x_wconf 89' lang='lat' dir='ltr'><strong>et</strong></span> <span class='ocrx_word' id='word_1_17' title='bbox 733 350 941 411; x_wconf 86' lang='lat' dir='ltr'>supplex</span> <span class='ocrx_word' id='word_1_18' title='bbox 977 350 1043 397; x_wconf 92' lang='lat' dir='ltr'><strong>ad</strong></span> <span class='ocrx_word' id='word_1_19' title='bbox 1079 348 1250 398; x_wconf 90' lang='lat' dir='ltr'><strong>limina</strong></span> <span class='ocrx_word' id='word_1_20' title='bbox 1286 349 1411 398; x_wconf 90' lang='lat' dir='ltr'><strong>veni.</strong></span> <span class='ocrx_word' id='word_1_21' title='bbox 1861 371 1939 415; x_wconf 85' lang='lat'><strong>145</strong></span> 
     </span>
     <span class='ocr_line' id='line_1_4' title="bbox 260 429 1509 493; baseline 0.001 -14"><span class='ocrx_word' id='word_1_22' title='bbox 260 446 380 493; x_wconf 85' lang='lat' dir='ltr'><strong>gens</strong></span> <span class='ocrx_word' id='word_1_23' title='bbox 417 432 609 490; x_wconf 87' lang='lat' dir='ltr'><strong>eadem,</strong></span> <span class='ocrx_word' id='word_1_24' title='bbox 649 447 776 493; x_wconf 89' lang='lat' dir='ltr'><strong>quae</strong></span> <span class='ocrx_word' id='word_1_25' title='bbox 813 439 875 490; x_wconf 94' lang='lat' dir='ltr'><strong>te,</strong></span> <span class='ocrx_word' id='word_1_26' title='bbox 916 429 1104 479; x_wconf 90' lang='lat' dir='ltr'><strong>crudeli</strong></span> <span class='ocrx_word' id='word_1_27' title='bbox 1143 430 1342 479; x_wconf 91' lang='lat' dir='ltr'><strong>Daunia</strong></span> <span class='ocrx_word' id='word_1_28' title='bbox 1377 432 1509 480; x_wconf 89' lang='lat' dir='ltr'><strong>bello</strong></span> 
     </span>
     <span class='ocr_line' id='line_1_5' title="bbox 260 512 1588 577; baseline 0.003 -17"><span class='ocrx_word' id='word_1_29' title='bbox 260 512 536 576; x_wconf 83' lang='lat' dir='ltr'>insequitur</span> <span class='ocrx_word' id='word_1_30' title='bbox 555 531 570 574; x_wconf 80' lang='lat'><em>3</em></span> <span class='ocrx_word' id='word_1_31' title='bbox 617 530 708 562; x_wconf 90' lang='lat' dir='ltr'><strong>nos</strong></span> <span class='ocrx_word' id='word_1_32' title='bbox 747 513 788 561; x_wconf 92' lang='lat' dir='ltr'><strong>si</strong></span> <span class='ocrx_word' id='word_1_33' title='bbox 824 515 1011 577; x_wconf 91' lang='lat' dir='ltr'><strong>pellant</strong></span> <span class='ocrx_word' id='word_1_34' title='bbox 1048 512 1171 561; x_wconf 90' lang='lat' dir='ltr'><strong>nihil</strong></span> <span class='ocrx_word' id='word_1_35' title='bbox 1208 515 1343 563; x_wconf 90' lang='lat' dir='ltr'><strong>afore</strong></span> <span class='ocrx_word' id='word_1_36' title='bbox 1379 517 1588 564; x_wconf 88' lang='lat' dir='ltr'><strong>credunt</strong></span> 
     </span>
     <span class='ocr_line' id='line_1_6' title="bbox 260 595 1845 660; baseline 0.002 -17"><span class='ocrx_word' id='word_1_37' title='bbox 260 595 380 658; x_wconf 91' lang='lat' dir='ltr'><strong>quin</strong></span> <span class='ocrx_word' id='word_1_38' title='bbox 417 612 621 644; x_wconf 90' lang='lat' dir='ltr'><strong>omnem</strong></span> <span class='ocrx_word' id='word_1_39' title='bbox 660 595 959 658; x_wconf 83' lang='lat' dir='ltr'>Hesperiam</span> <span class='ocrx_word' id='word_1_40' title='bbox 997 595 1195 658; x_wconf 89' lang='lat' dir='ltr'><strong>penitus</strong></span> <span class='ocrx_word' id='word_1_41' title='bbox 1232 613 1321 644; x_wconf 89' lang='lat' dir='ltr'><strong>sua</strong></span> <span class='ocrx_word' id='word_1_42' title='bbox 1356 596 1449 644; x_wconf 91' lang='lat' dir='ltr'><strong>sub</strong></span> <span class='ocrx_word' id='word_1_43' title='bbox 1485 596 1599 660; x_wconf 90' lang='lat' dir='ltr'><strong>iuga</strong></span> <span class='ocrx_word' id='word_1_44' title='bbox 1633 596 1845 657; x_wconf 90' lang='lat' dir='ltr'><strong>mittant,</strong></span> 
     </span>
     <span class='ocr_line' id='line_1_7' title="bbox 259 677 1713 740; baseline 0.001 -15"><span class='ocrx_word' id='word_1_45' title='bbox 259 687 308 725; x_wconf 90' lang='lat' dir='ltr'><strong>et</strong></span> <span class='ocrx_word' id='word_1_46' title='bbox 343 694 478 726; x_wconf 89' lang='lat' dir='ltr'><strong>mare</strong></span> <span class='ocrx_word' id='word_1_47' title='bbox 515 678 653 740; x_wconf 94' lang='lat' dir='ltr'><strong>quod</strong></span> <span class='ocrx_word' id='word_1_48' title='bbox 689 694 837 740; x_wconf 89' lang='lat' dir='ltr'><strong>supra</strong></span> <span class='ocrx_word' id='word_1_49' title='bbox 873 686 1074 726; x_wconf 79' lang='lat' dir='ltr'><strong>teneant</strong></span> <span class='ocrx_word' id='word_1_50' title='bbox 1111 679 1350 740; x_wconf 93' lang='lat' dir='ltr'><strong>quodque</strong></span> <span class='ocrx_word' id='word_1_51' title='bbox 1384 677 1541 727; x_wconf 91' lang='lat' dir='ltr'><strong>adluit</strong></span> <span class='ocrx_word' id='word_1_52' title='bbox 1576 677 1713 727; x_wconf 92' lang='lat' dir='ltr'><strong>infra.</strong></span> 
     </span>
     <span class='ocr_line' id='line_1_8' title="bbox 257 758 1940 821; baseline 0.001 -14"><span class='ocrx_word' id='word_1_53' title='bbox 257 758 428 821; x_wconf 82' lang='lat' dir='ltr'><strong>accipe</strong></span> <span class='ocrx_word' id='word_1_54' title='bbox 466 760 630 821; x_wconf 90' lang='lat' dir='ltr'><strong>daque</strong></span> <span class='ocrx_word' id='word_1_55' title='bbox 666 760 832 807; x_wconf 88' lang='lat' dir='ltr'><strong>fidem.</strong></span> <span class='ocrx_word' id='word_1_56' title='bbox 907 768 1022 807; x_wconf 89' lang='lat' dir='ltr'><strong>sunt</strong></span> <span class='ocrx_word' id='word_1_57' title='bbox 1059 758 1205 808; x_wconf 91' lang='lat' dir='ltr'><strong>nobis</strong></span> <span class='ocrx_word' id='word_1_58' title='bbox 1242 758 1385 807; x_wconf 90' lang='lat' dir='ltr'><strong>fortia</strong></span> <span class='ocrx_word' id='word_1_59' title='bbox 1419 760 1553 808; x_wconf 91' lang='lat' dir='ltr'><strong>bello</strong></span> <span class='ocrx_word' id='word_1_60' title='bbox 1859 780 1940 820; x_wconf 87' lang='lat'><strong>150</strong></span> 
     </span>
     <span class='ocr_line' id='line_1_9' title="bbox 258 840 1665 905; baseline 0.001 -16"><span class='ocrx_word' id='word_1_61' title='bbox 258 850 471 903; x_wconf 83' lang='lat' dir='ltr'><strong>pectora,</strong></span> <span class='ocrx_word' id='word_1_62' title='bbox 511 850 626 889; x_wconf 92' lang='lat' dir='ltr'><strong>sunt</strong></span> <span class='ocrx_word' id='word_1_63' title='bbox 661 840 815 889; x_wconf 92' lang='lat' dir='ltr'><strong>animi</strong></span> <span class='ocrx_word' id='word_1_64' title='bbox 852 850 901 890; x_wconf 92' lang='lat' dir='ltr'><strong>et</strong></span> <span class='ocrx_word' id='word_1_65' title='bbox 937 842 1084 890; x_wconf 91' lang='lat' dir='ltr'><strong>rebus</strong></span> <span class='ocrx_word' id='word_1_66' title='bbox 1123 851 1342 905; x_wconf 90' lang='lat' dir='ltr'><strong>spectata</strong></span> <span class='ocrx_word' id='word_1_67' title='bbox 1378 841 1665 905; x_wconf 37' lang='lat' dir='ltr'><strong>iuventus}</strong></span> 
     </span>
    </p>

    <p class='ocr_par' dir='ltr' id='par_1_3' title="bbox 254 923 1936 2782">
     <span class='ocr_line' id='line_1_10' title="bbox 328 923 1625 987; baseline 0.001 -16"><span class='ocrx_word' id='word_1_68' title='bbox 328 923 530 972; x_wconf 86' lang='lat' dir='ltr'><strong>Dixerat</strong></span> <span class='ocrx_word' id='word_1_69' title='bbox 566 926 777 972; x_wconf 87' lang='lat' dir='ltr'><strong>Aeneas.</strong></span> <span class='ocrx_word' id='word_1_70' title='bbox 852 923 934 972; x_wconf 91' lang='lat' dir='ltr'><strong>ille</strong></span> <span class='ocrx_word' id='word_1_71' title='bbox 972 940 1028 972; x_wconf 90' lang='lat' dir='ltr'><strong>os</strong></span> <span class='ocrx_word' id='word_1_72' title='bbox 1067 926 1341 986; x_wconf 91' lang='lat' dir='ltr'><strong>oculosque</strong></span> <span class='ocrx_word' id='word_1_73' title='bbox 1377 923 1625 987; x_wconf 90' lang='lat' dir='ltr'><strong>loquentis</strong></span> 
     </span>
     <span class='ocr_line' id='line_1_11' title="bbox 257 1003 1566 1068; baseline 0.002 -16"><span class='ocrx_word' id='word_1_74' title='bbox 257 1003 552 1053; x_wconf 90' lang='lat' dir='ltr'><strong>iamdudum</strong></span> <span class='ocrx_word' id='word_1_75' title='bbox 590 1014 638 1054; x_wconf 91' lang='lat' dir='ltr'><strong>et</strong></span> <span class='ocrx_word' id='word_1_76' title='bbox 675 1014 836 1054; x_wconf 90' lang='lat' dir='ltr'><strong>totum</strong></span> <span class='ocrx_word' id='word_1_77' title='bbox 873 1006 1112 1054; x_wconf 89' lang='lat' dir='ltr'><strong>lustrabat</strong></span> <span class='ocrx_word' id='word_1_78' title='bbox 1151 1005 1338 1053; x_wconf 92' lang='lat' dir='ltr'><strong>lumine</strong></span> <span class='ocrx_word' id='word_1_79' title='bbox 1375 1022 1566 1068; x_wconf 90' lang='lat' dir='ltr'><strong>corpus.</strong></span> 
     </span>
     <span class='ocr_line' id='line_1_12' title="bbox 257 1086 1714 1151; baseline 0 -16"><span class='ocrx_word' id='word_1_80' title='bbox 257 1097 361 1135; x_wconf 90' lang='lat' dir='ltr'><strong>tum</strong></span> <span class='ocrx_word' id='word_1_81' title='bbox 400 1087 470 1136; x_wconf 90' lang='lat' dir='ltr'><strong>sic</strong></span> <span class='ocrx_word' id='word_1_82' title='bbox 506 1104 665 1151; x_wconf 88' lang='lat' dir='ltr'><strong>pauca</strong></span> <span class='ocrx_word' id='word_1_83' title='bbox 702 1089 878 1136; x_wconf 87' lang='lat' dir='ltr'><strong>refert:</strong></span> <span class='ocrx_word' id='word_1_84' title='bbox 932 1091 1013 1136; x_wconf 90' lang='lat' dir='ltr'><strong>‘ut</strong></span> <span class='ocrx_word' id='word_1_85' title='bbox 1050 1096 1112 1146; x_wconf 86' lang='lat' dir='ltr'><strong>te,</strong></span> <span class='ocrx_word' id='word_1_86' title='bbox 1151 1086 1415 1135; x_wconf 86' lang='lat' dir='ltr'><strong>fortissime</strong></span> <span class='ocrx_word' id='word_1_87' title='bbox 1451 1089 1714 1147; x_wconf 89' lang='lat' dir='ltr'><strong>Teucrum,</strong></span> 
     </span>
     <span class='ocr_line' id='line_1_13' title="bbox 256 1168 1934 1232; baseline 0.001 -15"><span class='ocrx_word' id='word_1_88' title='bbox 256 1168 448 1231; x_wconf 90' lang='lat' dir='ltr'><strong>accipio</strong></span> <span class='ocrx_word' id='word_1_89' title='bbox 484 1185 803 1232; x_wconf 85' lang='lat' dir='ltr'><strong>agnoscoque</strong></span> <span class='ocrx_word' id='word_1_90' title='bbox 840 1168 1030 1217; x_wconf 78' lang='lat' dir='ltr'><strong>libens!</strong></span> <span class='ocrx_word' id='word_1_91' title='bbox 1080 1177 1133 1216; x_wconf 91' lang='lat' dir='ltr'><strong>ut</strong></span> <span class='ocrx_word' id='word_1_92' title='bbox 1170 1169 1319 1216; x_wconf 89' lang='lat' dir='ltr'><strong>verba</strong></span> <span class='ocrx_word' id='word_1_93' title='bbox 1354 1168 1569 1230; x_wconf 89' lang='lat' dir='ltr'><strong>parentis</strong></span> <span class='ocrx_word' id='word_1_94' title='bbox 1860 1189 1934 1230; x_wconf 86' lang='lat'><strong>155</strong></span> 
     </span>
     <span class='ocr_line' id='line_1_14' title="bbox 256 1250 1629 1314; baseline -0.001 -14"><span class='ocrx_word' id='word_1_95' title='bbox 256 1261 305 1300; x_wconf 86' lang='lat' dir='ltr'><strong>et</strong></span> <span class='ocrx_word' id='word_1_96' title='bbox 340 1268 515 1300; x_wconf 89' lang='lat' dir='ltr'><strong>vocem</strong></span> <span class='ocrx_word' id='word_1_97' title='bbox 552 1250 805 1300; x_wconf 90' lang='lat' dir='ltr'><strong>Anchisae</strong></span> <span class='ocrx_word' id='word_1_98' title='bbox 842 1250 1007 1314; x_wconf 92' lang='lat' dir='ltr'><strong>magni</strong></span> <span class='ocrx_word' id='word_1_99' title='bbox 1042 1253 1335 1314; x_wconf 89' lang='lat' dir='ltr'><strong>vultumque</strong></span> <span class='ocrx_word' id='word_1_100' title='bbox 1370 1252 1629 1299; x_wconf 87' lang='lat' dir='ltr'><strong>recordor!</strong></span> 
     </span>
     <span class='ocr_line' id='line_1_15' title="bbox 256 1331 1594 1395; baseline 0 -14"><span class='ocrx_word' id='word_1_101' title='bbox 256 1350 373 1381; x_wconf 91' lang='lat' dir='ltr'><strong>nam</strong></span> <span class='ocrx_word' id='word_1_102' title='bbox 410 1332 617 1381; x_wconf 88' lang='lat' dir='ltr'><strong>memini</strong></span> <span class='ocrx_word' id='word_1_103' title='bbox 655 1331 914 1381; x_wconf 90' lang='lat' dir='ltr'><strong>Hesionae</strong></span> <span class='ocrx_word' id='word_1_104' title='bbox 950 1332 1192 1381; x_wconf 89' lang='lat' dir='ltr'><strong>visentem</strong></span> <span class='ocrx_word' id='word_1_105' title='bbox 1230 1349 1379 1395; x_wconf 90' lang='lat' dir='ltr'><strong>regna</strong></span> <span class='ocrx_word' id='word_1_106' title='bbox 1415 1331 1594 1381; x_wconf 89' lang='lat' dir='ltr'><strong>sororis</strong></span> 
     </span>
     <span class='ocr_line' id='line_1_16' title="bbox 257 1413 1594 1477; baseline -0.001 -14"><span class='ocrx_word' id='word_1_107' title='bbox 257 1414 724 1463; x_wconf 89' lang='lat' dir='ltr'><strong>Laomedontiaden</strong></span> <span class='ocrx_word' id='word_1_108' title='bbox 763 1414 1015 1462; x_wconf 86' lang='lat' dir='ltr'><strong>Priamum</strong></span> <span class='ocrx_word' id='word_1_109' title='bbox 1055 1413 1305 1463; x_wconf 89' lang='lat' dir='ltr'><strong>Salamina</strong></span> <span class='ocrx_word' id='word_1_110' title='bbox 1341 1422 1594 1477; x_wconf 91' lang='lat' dir='ltr'><strong>petentem</strong></span> 
     </span>
     <span class='ocr_line' id='line_1_17' title="bbox 255 1495 1396 1560; baseline -0.001 -16"><span class='ocrx_word' id='word_1_111' title='bbox 255 1496 480 1560; x_wconf 89' lang='lat' dir='ltr'><strong>protinus</strong></span> <span class='ocrx_word' id='word_1_112' title='bbox 517 1495 761 1545; x_wconf 83' lang='lat' dir='ltr'><strong>Arcadiae</strong></span> <span class='ocrx_word' id='word_1_113' title='bbox 797 1495 987 1559; x_wconf 89' lang='lat' dir='ltr'><strong>gelidos</strong></span> <span class='ocrx_word' id='word_1_114' title='bbox 1025 1495 1235 1544; x_wconf 89' lang='lat' dir='ltr'><strong>invisere</strong></span> <span class='ocrx_word' id='word_1_115' title='bbox 1272 1495 1396 1543; x_wconf 91' lang='lat' dir='ltr'><strong>finis.</strong></span> 
     </span>
     <span class='ocr_line' id='line_1_18' title="bbox 256 1575 1936 1641; baseline -0.001 -13"><span class='ocrx_word' id='word_1_116' title='bbox 256 1589 362 1628; x_wconf 91' lang='lat' dir='ltr'><strong>tum</strong></span> <span class='ocrx_word' id='word_1_117' title='bbox 399 1578 522 1627; x_wconf 92' lang='lat' dir='ltr'><strong>mihi</strong></span> <span class='ocrx_word' id='word_1_118' title='bbox 557 1577 717 1641; x_wconf 90' lang='lat' dir='ltr'><strong>prima</strong></span> <span class='ocrx_word' id='word_1_119' title='bbox 751 1594 902 1641; x_wconf 89' lang='lat' dir='ltr'><strong>genas</strong></span> <span class='ocrx_word' id='word_1_120' title='bbox 939 1576 1150 1626; x_wconf 87' lang='lat' dir='ltr'><strong>vestibat</strong></span> <span class='ocrx_word' id='word_1_121' title='bbox 1186 1579 1306 1626; x_wconf 89' lang='lat' dir='ltr'><strong>flore</strong></span> <span class='ocrx_word' id='word_1_122' title='bbox 1342 1575 1580 1637; x_wconf 89' lang='lat' dir='ltr'><strong>iuventas,</strong></span> <span class='ocrx_word' id='word_1_123' title='bbox 1860 1585 1936 1626; x_wconf 88' lang='lat'><strong>160</strong></span> 
     </span>
     <span class='ocr_line' id='line_1_19' title="bbox 256 1659 1566 1725; baseline -0.003 -14"><span class='ocrx_word' id='word_1_124' title='bbox 256 1662 569 1725; x_wconf 90' lang='lat' dir='ltr'><strong>mirabarque</strong></span> <span class='ocrx_word' id='word_1_125' title='bbox 605 1663 759 1710; x_wconf 88' lang='lat' dir='ltr'><strong>duces</strong></span> <span class='ocrx_word' id='word_1_126' title='bbox 796 1663 1032 1720; x_wconf 89' lang='lat' dir='ltr'><strong>Teucros,</strong></span> <span class='ocrx_word' id='word_1_127' title='bbox 1070 1659 1282 1708; x_wconf 88' lang='lat' dir='ltr'><strong>mirabar</strong></span> <span class='ocrx_word' id='word_1_128' title='bbox 1318 1669 1367 1708; x_wconf 87' lang='lat' dir='ltr'><strong>et</strong></span> <span class='ocrx_word' id='word_1_129' title='bbox 1402 1659 1566 1722; x_wconf 92' lang='lat' dir='ltr'><strong>ipsum</strong></span> 
     </span>
     <span class='ocr_line' id='line_1_20' title="bbox 256 1740 1426 1804; baseline -0.003 -12"><span class='ocrx_word' id='word_1_130' title='bbox 256 1742 755 1804; x_wconf 82' lang='lat' dir='ltr'><strong>Laomedontiaden3</strong></span> <span class='ocrx_word' id='word_1_131' title='bbox 792 1744 881 1792; x_wconf 90' lang='lat' dir='ltr'><strong>sed</strong></span> <span class='ocrx_word' id='word_1_132' title='bbox 918 1741 1109 1791; x_wconf 90' lang='lat' dir='ltr'><strong>cunctis</strong></span> <span class='ocrx_word' id='word_1_133' title='bbox 1145 1740 1288 1790; x_wconf 89' lang='lat' dir='ltr'><strong>altior</strong></span> <span class='ocrx_word' id='word_1_134' title='bbox 1323 1740 1426 1790; x_wconf 90' lang='lat' dir='ltr'><strong>ibat</strong></span> 
     </span>
     <span class='ocr_line' id='line_1_21' title="bbox 255 1824 1588 1875; baseline -0.002 0"><span class='ocrx_word' id='word_1_135' title='bbox 255 1826 514 1875; x_wconf 89' lang='lat' dir='ltr'><strong>Anchises.</strong></span> <span class='ocrx_word' id='word_1_136' title='bbox 590 1825 713 1873; x_wconf 89' lang='lat' dir='ltr'><strong>mihi</strong></span> <span class='ocrx_word' id='word_1_137' title='bbox 749 1842 889 1874; x_wconf 91' lang='lat' dir='ltr'><strong>mens</strong></span> <span class='ocrx_word' id='word_1_138' title='bbox 927 1824 1142 1873; x_wconf 90' lang='lat' dir='ltr'><strong>iuvenali</strong></span> <span class='ocrx_word' id='word_1_139' title='bbox 1178 1824 1384 1873; x_wconf 90' lang='lat' dir='ltr'><strong>ardebat</strong></span> <span class='ocrx_word' id='word_1_140' title='bbox 1419 1841 1588 1873; x_wconf 90' lang='lat' dir='ltr'><strong>amore</strong></span> 
     </span>
     <span class='ocr_line' id='line_1_22' title="bbox 255 1906 1696 1971; baseline -0.001 -15"><span class='ocrx_word' id='word_1_141' title='bbox 255 1910 554 1971; x_wconf 89' lang='lat' dir='ltr'><strong>compellare</strong></span> <span class='ocrx_word' id='word_1_142' title='bbox 589 1907 748 1955; x_wconf 90' lang='lat' dir='ltr'><strong>virum</strong></span> <span class='ocrx_word' id='word_1_143' title='bbox 785 1916 834 1955; x_wconf 92' lang='lat' dir='ltr'><strong>et</strong></span> <span class='ocrx_word' id='word_1_144' title='bbox 870 1908 1070 1955; x_wconf 84' lang='lat' dir='ltr'><strong>dextrae</strong></span> <span class='ocrx_word' id='word_1_145' title='bbox 1106 1906 1406 1969; x_wconf 90' lang='lat' dir='ltr'><strong>coniungere</strong></span> <span class='ocrx_word' id='word_1_146' title='bbox 1443 1908 1665 1955; x_wconf 85' lang='lat' dir='ltr'><strong>dextram</strong></span> <span class='ocrx_word' id='word_1_147' title='bbox 1682 1924 1696 1967; x_wconf 81' lang='lat'><em>3</em></span> 
     </span>
     <span class='ocr_line' id='line_1_23' title="bbox 254 1987 1930 2052; baseline -0.002 -14"><span class='ocrx_word' id='word_1_148' title='bbox 254 1989 440 2038; x_wconf 90' lang='lat' dir='ltr'><strong>accessi</strong></span> <span class='ocrx_word' id='word_1_149' title='bbox 477 1999 526 2038; x_wconf 92' lang='lat' dir='ltr'><strong>et</strong></span> <span class='ocrx_word' id='word_1_150' title='bbox 562 1988 773 2052; x_wconf 90' lang='lat' dir='ltr'><strong>cupidus</strong></span> <span class='ocrx_word' id='word_1_151' title='bbox 811 1988 1001 2037; x_wconf 89' lang='lat' dir='ltr'><strong>Phenei</strong></span> <span class='ocrx_word' id='word_1_152' title='bbox 1037 1989 1131 2036; x_wconf 91' lang='lat' dir='ltr'><strong>sub</strong></span> <span class='ocrx_word' id='word_1_153' title='bbox 1167 1987 1366 2037; x_wconf 91' lang='lat' dir='ltr'><strong>moenia</strong></span> <span class='ocrx_word' id='word_1_154' title='bbox 1402 1988 1532 2036; x_wconf 89' lang='lat' dir='ltr'><strong>duxi.</strong></span> <span class='ocrx_word' id='word_1_155' title='bbox 1854 1995 1930 2047; x_wconf 86' lang='lat'><strong>165</strong></span> 
     </span>
     <span class='ocr_line' id='line_1_24' title="bbox 255 2069 1645 2134; baseline -0.001 -15"><span class='ocrx_word' id='word_1_156' title='bbox 255 2072 336 2120; x_wconf 91' lang='lat' dir='ltr'><strong>ille</strong></span> <span class='ocrx_word' id='word_1_157' title='bbox 373 2071 496 2119; x_wconf 91' lang='lat' dir='ltr'><strong>mihi</strong></span> <span class='ocrx_word' id='word_1_158' title='bbox 532 2070 777 2134; x_wconf 88' lang='lat' dir='ltr'><strong>insignem</strong></span> <span class='ocrx_word' id='word_1_159' title='bbox 814 2072 1094 2133; x_wconf 89' lang='lat' dir='ltr'><strong>pharetram</strong></span> <span class='ocrx_word' id='word_1_160' title='bbox 1133 2069 1409 2133; x_wconf 89' lang='lat' dir='ltr'><strong>Lyciasque</strong></span> <span class='ocrx_word' id='word_1_161' title='bbox 1447 2069 1645 2133; x_wconf 85' lang='lat' dir='ltr'><strong>sagittas</strong></span> 
     </span>
     <span class='ocr_line' id='line_1_25' title="bbox 255 2152 1667 2215; baseline -0.002 -13"><span class='ocrx_word' id='word_1_162' title='bbox 255 2153 519 2202; x_wconf 88' lang='lat' dir='ltr'><strong>discedens</strong></span> <span class='ocrx_word' id='word_1_163' title='bbox 557 2154 973 2215; x_wconf 90' lang='lat' dir='ltr'><strong>chlamydemque</strong></span> <span class='ocrx_word' id='word_1_164' title='bbox 1009 2169 1129 2200; x_wconf 91' lang='lat' dir='ltr'><strong>auro</strong></span> <span class='ocrx_word' id='word_1_165' title='bbox 1167 2152 1306 2201; x_wconf 91' lang='lat' dir='ltr'><strong>dedit</strong></span> <span class='ocrx_word' id='word_1_166' title='bbox 1341 2152 1667 2211; x_wconf 89' lang='lat' dir='ltr'><strong>intertextam,</strong></span> 
     </span>
     <span class='ocr_line' id='line_1_26' title="bbox 254 2233 1741 2297; baseline 0 -15"><span class='ocrx_word' id='word_1_167' title='bbox 254 2237 492 2297; x_wconf 89' lang='lat' dir='ltr'><strong>frenaque</strong></span> <span class='ocrx_word' id='word_1_168' title='bbox 530 2233 647 2282; x_wconf 90' lang='lat' dir='ltr'><strong>bina</strong></span> <span class='ocrx_word' id='word_1_169' title='bbox 683 2251 823 2281; x_wconf 93' lang='lat' dir='ltr'><strong>meus</strong></span> <span class='ocrx_word' id='word_1_170' title='bbox 861 2250 988 2296; x_wconf 89' lang='lat' dir='ltr'><strong>quae</strong></span> <span class='ocrx_word' id='word_1_171' title='bbox 1026 2250 1160 2281; x_wconf 90' lang='lat' dir='ltr'><strong>nunc</strong></span> <span class='ocrx_word' id='word_1_172' title='bbox 1197 2235 1347 2282; x_wconf 91' lang='lat' dir='ltr'><strong>habet</strong></span> <span class='ocrx_word' id='word_1_173' title='bbox 1383 2251 1531 2282; x_wconf 89' lang='lat' dir='ltr'><strong>aurea</strong></span> <span class='ocrx_word' id='word_1_174' title='bbox 1567 2235 1741 2282; x_wconf 90' lang='lat' dir='ltr'><strong>Pallas.</strong></span> 
     </span>
     <span class='ocr_line' id='line_1_27' title="bbox 255 2314 1775 2379; baseline -0.001 -15"><span class='ocrx_word' id='word_1_175' title='bbox 255 2333 370 2379; x_wconf 89' lang='lat' dir='ltr'><strong>ergo</strong></span> <span class='ocrx_word' id='word_1_176' title='bbox 407 2325 455 2364; x_wconf 92' lang='lat' dir='ltr'><strong>et</strong></span> <span class='ocrx_word' id='word_1_177' title='bbox 493 2332 643 2378; x_wconf 92' lang='lat' dir='ltr'><strong>quam</strong></span> <span class='ocrx_word' id='word_1_178' title='bbox 679 2314 843 2377; x_wconf 89' lang='lat' dir='ltr'><strong>petitis</strong></span> <span class='ocrx_word' id='word_1_179' title='bbox 881 2314 1049 2363; x_wconf 90' lang='lat' dir='ltr'><strong>iuncta</strong></span> <span class='ocrx_word' id='word_1_180' title='bbox 1086 2324 1160 2363; x_wconf 90' lang='lat' dir='ltr'><strong>est</strong></span> <span class='ocrx_word' id='word_1_181' title='bbox 1197 2314 1319 2362; x_wconf 93' lang='lat' dir='ltr'><strong>mihi</strong></span> <span class='ocrx_word' id='word_1_182' title='bbox 1355 2317 1556 2364; x_wconf 89' lang='lat' dir='ltr'><strong>foedere</strong></span> <span class='ocrx_word' id='word_1_183' title='bbox 1592 2317 1775 2375; x_wconf 88' lang='lat' dir='ltr'><strong>dextra,</strong></span> 
     </span>
     <span class='ocr_line' id='line_1_28' title="bbox 256 2382 1932 2459; baseline -0.002 -13"><span class='ocrx_word' id='word_1_184' title='bbox 256 2408 303 2446; x_wconf 90' lang='lat' dir='ltr'><strong>et</strong></span> <span class='ocrx_word' id='word_1_185' title='bbox 339 2399 422 2445; x_wconf 89' lang='lat' dir='ltr'><strong>lux</strong></span> <span class='ocrx_word' id='word_1_186' title='bbox 459 2414 573 2445; x_wconf 92' lang='lat' dir='ltr'><strong>cum</strong></span> <span class='ocrx_word' id='word_1_187' title='bbox 611 2396 825 2459; x_wconf 91' lang='lat' dir='ltr'><strong>primum</strong></span> <span class='ocrx_word' id='word_1_188' title='bbox 861 2396 998 2444; x_wconf 88' lang='lat' dir='ltr'><strong>terris</strong></span> <span class='ocrx_word' id='word_1_189' title='bbox 1037 2413 1089 2444; x_wconf 92' lang='lat' dir='ltr'><strong>se</strong></span> <span class='ocrx_word' id='word_1_190' title='bbox 1125 2395 1336 2444; x_wconf 90' lang='lat' dir='ltr'><strong>crastina</strong></span> <span class='ocrx_word' id='word_1_191' title='bbox 1371 2397 1558 2454; x_wconf 85' lang='lat' dir='ltr'><strong>reddet,</strong></span> <span class='ocrx_word' id='word_1_192' title='bbox 1783 2382 1786 2383; x_wconf 27' lang='lat'><em>⁷</em></span> <span class='ocrx_word' id='word_1_193' title='bbox 1853 2413 1932 2456; x_wconf 72' lang='lat'><strong>170</strong></span> 
     </span>
     <span class='ocr_line' id='line_1_29' title="bbox 255 2477 1463 2540; baseline -0.001 -13"><span class='ocrx_word' id='word_1_194' title='bbox 255 2479 436 2527; x_wconf 90' lang='lat' dir='ltr'><strong>auxilio</strong></span> <span class='ocrx_word' id='word_1_195' title='bbox 473 2480 627 2527; x_wconf 87' lang='lat' dir='ltr'><strong>laetos</strong></span> <span class='ocrx_word' id='word_1_196' title='bbox 665 2477 913 2527; x_wconf 91' lang='lat' dir='ltr'><strong>dimittam</strong></span> <span class='ocrx_word' id='word_1_197' title='bbox 951 2477 1232 2540; x_wconf 91' lang='lat' dir='ltr'><strong>opibusque</strong></span> <span class='ocrx_word' id='word_1_198' title='bbox 1269 2477 1463 2526; x_wconf 92' lang='lat' dir='ltr'><strong>iuvabo.</strong></span> 
     </span>
     <span class='ocr_line' id='line_1_30' title="bbox 255 2558 1601 2622; baseline -0.001 -14"><span class='ocrx_word' id='word_1_199' title='bbox 255 2559 441 2608; x_wconf 89' lang='lat' dir='ltr'><strong>interea</strong></span> <span class='ocrx_word' id='word_1_200' title='bbox 478 2576 614 2607; x_wconf 89' lang='lat' dir='ltr'><strong>sacra</strong></span> <span class='ocrx_word' id='word_1_201' title='bbox 649 2561 787 2619; x_wconf 87' lang='lat' dir='ltr'><strong>haec,</strong></span> <span class='ocrx_word' id='word_1_202' title='bbox 828 2560 1030 2622; x_wconf 89' lang='lat' dir='ltr'><strong>quando</strong></span> <span class='ocrx_word' id='word_1_203' title='bbox 1069 2560 1167 2606; x_wconf 89' lang='lat' dir='ltr'><strong>huc</strong></span> <span class='ocrx_word' id='word_1_204' title='bbox 1203 2558 1405 2606; x_wconf 86' lang='lat' dir='ltr'><strong>venistis</strong></span> <span class='ocrx_word' id='word_1_205' title='bbox 1441 2558 1601 2618; x_wconf 89' lang='lat' dir='ltr'><strong>amici,</strong></span> 
     </span>
     <span class='ocr_line' id='line_1_31' title="bbox 256 2640 1559 2704; baseline -0.002 -15"><span class='ocrx_word' id='word_1_206' title='bbox 256 2659 434 2701; x_wconf 85' lang='lat' dir='ltr'><strong>annua,</strong></span> <span class='ocrx_word' id='word_1_207' title='bbox 474 2658 602 2704; x_wconf 92' lang='lat' dir='ltr'><strong>quae</strong></span> <span class='ocrx_word' id='word_1_208' title='bbox 638 2640 831 2690; x_wconf 84' lang='lat' dir='ltr'><strong>differre</strong></span> <span class='ocrx_word' id='word_1_209' title='bbox 866 2642 1019 2700; x_wconf 91' lang='lat' dir='ltr'><strong>nefas,</strong></span> <span class='ocrx_word' id='word_1_210' title='bbox 1058 2640 1304 2688; x_wconf 91' lang='lat' dir='ltr'><strong>celebrate</strong></span> <span class='ocrx_word' id='word_1_211' title='bbox 1339 2641 1559 2688; x_wconf 89' lang='lat' dir='ltr'><strong>faventes</strong></span> 
     </span>
     <span class='ocr_line' id='line_1_32' title="bbox 257 2720 1777 2782; baseline -0.001 -12"><span class='ocrx_word' id='word_1_212' title='bbox 257 2722 533 2782; x_wconf 89' lang='lat' dir='ltr'><strong>nobiscum,</strong></span> <span class='ocrx_word' id='word_1_213' title='bbox 574 2732 622 2771; x_wconf 92' lang='lat' dir='ltr'><strong>et</strong></span> <span class='ocrx_word' id='word_1_214' title='bbox 658 2722 756 2770; x_wconf 80' lang='lat' dir='ltr'><strong>ia&#39;m</strong></span> <span class='ocrx_word' id='word_1_215' title='bbox 794 2739 927 2770; x_wconf 89' lang='lat' dir='ltr'><strong>nunc</strong></span> <span class='ocrx_word' id='word_1_216' title='bbox 964 2721 1212 2770; x_wconf 92' lang='lat' dir='ltr'><strong>sociorum</strong></span> <span class='ocrx_word' id='word_1_217' title='bbox 1248 2721 1527 2769; x_wconf 90' lang='lat' dir='ltr'><strong>adsuescite</strong></span> <span class='ocrx_word' id='word_1_218' title='bbox 1565 2720 1777 2769; x_wconf 91' lang='lat' dir='ltr'><strong>mensis.&#39;</strong></span> 
     </span>
    </p>
   </div>
   <div class='ocr_carea' id='block_1_3' title="bbox 255 2850 1927 2960">
    <p class='ocr_par' dir='ltr' id='par_1_4' title="bbox 255 2850 1927 2960">
     <span class='ocr_line' id='line_1_33' title="bbox 315 2850 1927 2904; baseline -0.001 -12"><span class='ocrx_word' id='word_1_219' title='bbox 315 2867 501 2904; x_wconf 87' lang='lat'>144-174</span> <span class='ocrx_word' id='word_1_220' title='bbox 523 2854 655 2892; x_wconf 83' lang='lat' dir='ltr'><strong>MPR</strong></span> <span class='ocrx_word' id='word_1_221' title='bbox 848 2867 922 2903; x_wconf 92' lang='lat'><strong>147</strong></span> <span class='ocrx_word' id='word_1_222' title='bbox 954 2854 1073 2893; x_wconf 88' lang='lat' dir='ltr'><strong>afore</strong></span> <span class='ocrx_word' id='word_1_223' title='bbox 1093 2852 1197 2904; x_wconf 70' lang='grc' dir='ltr'><strong>ΡῙὙ2</strong></span> <span class='ocrx_word' id='word_1_224' title='bbox 1215 2853 1329 2893; x_wconf 82' lang='lat' dir='ltr'><strong>Serv.</strong></span> <span class='ocrx_word' id='word_1_225' title='bbox 1351 2868 1359 2891; x_wconf 90' lang='lat'>:</span> <span class='ocrx_word' id='word_1_226' title='bbox 1391 2853 1539 2893; x_wconf 87' lang='lat' dir='ltr'><strong>adfore</strong></span> <span class='ocrx_word' id='word_1_227' title='bbox 1560 2851 1760 2902; x_wconf 73' lang='lat' dir='ltr'><em>M²P²712</em></span> <span class='ocrx_word' id='word_1_228' title='bbox 1791 2850 1927 2892; x_wconf 84' lang='lat' dir='ltr'><strong>atsore</strong></span> 
     </span>
     <span class='ocr_line' id='line_1_34' title="bbox 255 2906 1741 2960; baseline -0.001 -13"><span class='ocrx_word' id='word_1_229' title='bbox 255 2907 322 2947; x_wconf 76' lang='lat' dir='ltr'><strong>M1</strong></span> <span class='ocrx_word' id='word_1_230' title='bbox 340 2923 348 2947; x_wconf 74' lang='grc' dir='ltr'>ι</span> <span class='ocrx_word' id='word_1_231' title='bbox 382 2909 472 2948; x_wconf 88' lang='lat' dir='ltr'><strong>fore</strong></span> <span class='ocrx_word' id='word_1_232' title='bbox 494 2909 536 2947; x_wconf 82' lang='lat' dir='ltr'><em>R</em></span> <span class='ocrx_word' id='word_1_233' title='bbox 553 2924 560 2947; x_wconf 81' lang='lat' dir='ltr'>z</span> <span class='ocrx_word' id='word_1_234' title='bbox 594 2910 727 2948; x_wconf 84' lang='lat' dir='ltr'><strong>affore</strong></span> <span class='ocrx_word' id='word_1_235' title='bbox 750 2923 775 2947; x_wconf 91' lang='grc' dir='ltr'><em>π</em></span> <span class='ocrx_word' id='word_1_236' title='bbox 945 2911 1019 2958; x_wconf 89' lang='lat'><strong>167</strong></span> <span class='ocrx_word' id='word_1_237' title='bbox 1052 2909 1285 2948; x_wconf 87' lang='lat' dir='ltr'><strong>intertexto</strong></span> <span class='ocrx_word' id='word_1_238' title='bbox 1305 2906 1407 2946; x_wconf 86' lang='lat' dir='ltr'><strong>P1R</strong></span> <span class='ocrx_word' id='word_1_239' title='bbox 1426 2909 1610 2960; x_wconf 76' lang='lat' dir='ltr'><strong>agnoscit</strong></span> <span class='ocrx_word' id='word_1_240' title='bbox 1625 2907 1741 2947; x_wconf 82' lang='lat' dir='ltr'><strong>Serv.</strong></span> 
     </span>
    </p>
   </div>
  </div>
 </body>
</html>
