2014 3372
507 715 576 782 Ρ.
629 712 1027 779 VERGILI
1094 712 1536 780 MARONIS

708 881 948 953 AEN
966 880 1080 952 EI
1104 880 1262 954 DO
1280 880 1337 954 S

842 1062 1057 1108 LIBER
1092 1062 1197 1108 XII

254 1214 473 1260 TVRst
509 1219 563 1259 ut
599 1211 832 1261 infractos
868 1214 1075 1261 adverso
1114 1214 1276 1260 Marte
1312 1210 1516 1260 Latinos

186 1292 426 1341 defecisse
461 1292 607 1353 videt,
649 1310 737 1342 sua
772 1309 906 1342 nunc
942 1292 1182 1356 promissa
1217 1291 1423 1355 reposci,

187 1390 240 1422 se
276 1373 454 1437 signari
490 1374 659 1434 oculis,
698 1376 826 1424 ultro
862 1374 1186 1438 implacabilis
1222 1376 1361 1423 ardet

187 1454 466 1517 attollitque
500 1455 706 1504 animos.
782 1459 1065 1505 Poenorum
1102 1455 1260 1519 qualis
1296 1455 1348 1503 in
1384 1454 1509 1503 arvis

188 1536 382 1584 saucius
419 1536 501 1585 ille
536 1537 668 1600 gravi
703 1547 973 1586 venantum
1009 1540 1210 1587 vulnere
1245 1547 1419 1600 pectus
1830 1555 1851 1595 5

189 1626 294 1666 tum
331 1620 535 1667 demum
573 1629 739 1668 movet
775 1637 910 1668 arma
945 1622 1038 1679 leo,
1077 1622 1360 1683 gaudetque
1397 1618 1638 1668 comantis

190 1698 442 1747 excutiens
480 1699 669 1748 cervice
706 1709 839 1749 toros
877 1702 1129 1763 fixumque
1165 1699 1366 1749 latronis

190 1779 468 1842 impavidus
505 1780 681 1844 frangit
718 1783 872 1829 telum
910 1791 958 1829 et
994 1781 1157 1829 fremit
1193 1798 1277 1830 ore
1313 1789 1547 1829 cruento:

189 1862 324 1910 haud
362 1877 503 1909 secus
539 1877 750 1910 accenso
786 1861 946 1924 gliscit
981 1847 1214 1910 violentia
1249 1864 1433 1909 Turno.

190 1951 295 1990 tum
333 1941 402 1990 sic
438 1944 632 1991 adfatur
668 1960 833 2006 regem
871 1952 1020 2006 atque
1056 1943 1124 1991 ita
1159 1942 1385 1991 turbidus
1421 1942 1558 1990 infit:
1810 1962 1857 1989 10

196 2025 359 2072 ‘nulla
395 2041 532 2072 mora
568 2024 619 2071 in
656 2027 828 2073 Turno
846 2043 860 2085 3
907 2024 1029 2072 nihil
1066 2034 1140 2073 est
1176 2025 1313 2087 quod
1348 2023 1482 2072 dicta
1516 2032 1779 2072 retractent

191 2104 353 2167 ignavi
389 2106 670 2164 Aeneadae,
713 2122 805 2154 nec
844 2122 970 2168 quae
1007 2105 1235 2169 pepigere
1271 2113 1510 2153 recusent.

192 2187 495 2250 congredior.
570 2191 641 2237 fer
677 2206 824 2248 sacra,
867 2195 1016 2249 pater,
1058 2195 1106 2234 et
1142 2184 1350 2247 concipe
1384 2185 1574 2233 foedus.

193 2276 276 2316 aut
312 2270 404 2318 hac
444 2270 753 2320 Dardanium
792 2271 962 2318 dextra
997 2267 1089 2315 sub
1126 2268 1329 2314 Tartara
1364 2265 1570 2323 mittam,

194 2350 495 2399 desertorem
532 2351 681 2401 Asiae
719 2351 946 2416 (sedeant
982 2356 1305 2412 spectentque
1342 2343 1541 2409 Latini),
1811 2363 1855 2404 15

195 2441 243 2480 et
280 2435 412 2482 solus
450 2437 575 2484 ferro
611 2434 797 2483 crimen
835 2447 1102 2482 commune
1138 2429 1368 2486 refellam,

195 2522 279 2561 aut
315 2516 496 2564 habeat
531 2515 700 2575 victos,
742 2517 887 2564 cedat
925 2512 1131 2562 Lavinia
1166 2509 1411 2558 coniunx.'

265 2595 365 2645 Olli
401 2598 574 2646 sedato
610 2597 864 2660 respondit
901 2598 1051 2645 corde
1088 2593 1326 2642 Latinus:

194 2682 206 2701 ⁶
229 2692 259 2724 o
295 2687 547 2738 praestans
583 2678 735 2726 animi
771 2677 975 2738 iuvenis,
1017 2686 1258 2740 quantum
1295 2674 1400 2736 ipse
1436 2669 1587 2719 feroci

197 2755 374 2805 virtute
411 2775 683 2822 exsuperas,
725 2768 863 2808 tanto
900 2776 979 2808 me
1015 2756 1287 2820 impensius
1323 2769 1539 2816 aequum
1576 2758 1653 2798 est
1812 2769 1862 2796 20

198 2841 456 2888 consulere
491 2849 640 2902 atque
676 2840 838 2888 omnis
875 2848 1179 2887 metuentem
1216 2838 1493 2900 expendere
1530 2848 1693 2902 casuss

200 2928 314 2967 sunt
349 2919 439 2968 tibi
475 2937 623 2983 regna
657 2919 806 2984 patris
846 2919 1024 2978 Dauni,
1065 2928 1179 2967 sunt
1214 2917 1399 2980 oppida
1434 2924 1578 2979 capta

273 3057 377 3084 1-22
399 3044 529 3084 MPR
730 3048 781 3086 16
809 3046 969 3085 crimen
992 3046 1107 3085 ferro
1127 3045 1190 3083 Rc
1303 3058 1350 3095 17
1379 3044 1517 3083 victor
1536 3041 1569 3082 c²
1590 3040 1793 3080 detenbres
