1950 3314
655 665 1257 735 PRAEFATIO

190 885 420 932 TEXTVM
454 880 639 945 Vergili
681 879 915 929 traditum
955 878 995 926 si
1037 876 1146 940 quis
1183 877 1260 925 vel
1303 873 1507 923 strictim
1555 872 1793 938 percurrit

124 971 331 1021 omnino
364 969 612 1034 egregium
646 985 753 1017 esse
786 977 835 1016 et
868 981 1068 1015 sensum
1094 966 1170 1013 vel
1206 980 1402 1028 perraro
1435 964 1513 1011 vel
1544 977 1791 1024 nusquam

125 1068 408 1122 corruptum
442 1058 736 1106 confiteatur
764 1071 968 1105 necesse
1002 1062 1075 1102 est
1092 1071 1106 1114 3
1143 1069 1252 1101 eam
1288 1060 1454 1100 autem
1489 1050 1792 1114 optimorum

125 1146 355 1196 codicum
381 1146 602 1194 indolem
628 1161 735 1194 esse
760 1143 1118 1192 animadvertet
1142 1150 1208 1199 ut,
1233 1140 1273 1188 si
1298 1141 1361 1189 ad
1388 1155 1558 1188 eorum
1585 1137 1792 1187 auctori-

125 1243 276 1282 tatem
326 1235 484 1279 solum
536 1241 736 1292 spectet,
780 1231 831 1276 in
880 1238 1015 1277 tanta
1062 1229 1333 1277 lectionum
1375 1226 1608 1276 varietate
1656 1227 1792 1274 haud

125 1315 268 1365 facile
315 1315 555 1365 diiudicet
602 1332 752 1379 quam
801 1315 881 1364 cui
928 1315 1180 1378 praeferat.
1272 1314 1496 1377 quamvis
1545 1314 1677 1362 enim
1718 1314 1794 1378 (ut

127 1413 299 1453 monet
330 1403 555 1469 Madvig)
587 1402 945 1453 studiosissime
979 1412 1027 1452 et
1061 1401 1366 1452 severissime
1399 1401 1794 1457 describerentur

128 1508 298 1540 eorum
332 1491 624 1555 scriptorum
658 1491 856 1540 codices
890 1491 975 1554 qui
1005 1499 1166 1539 rectae
1200 1499 1248 1539 et
1285 1490 1521 1553 elegantis
1558 1490 1793 1540 orationis

127 1588 351 1628 auctores
394 1590 442 1628 et
480 1597 633 1643 prope
676 1581 871 1643 regulae
913 1579 1048 1642 ipsae
1090 1579 1403 1627 habebantur
1439 1589 1487 1627 et
1524 1578 1574 1626 in
1612 1578 1793 1628 scholis

129 1668 472 1725 tractabantur,
513 1684 613 1730 quo
650 1667 701 1715 in
740 1684 947 1716 numero
986 1667 1266 1715 censendus
1309 1676 1383 1715 est
1421 1676 1569 1729 poeta
1610 1677 1788 1726 noster,

128 1755 350 1818 proprias
368 1765 534 1804 tamen
559 1772 745 1819 poenas
771 1755 810 1803 is
836 1757 921 1804 dat
947 1754 1031 1818 qui
1057 1772 1143 1818 per
1159 1771 1244 1803 ora
1259 1754 1417 1803 virum
1437 1755 1640 1805 volitare
1660 1758 1792 1804 vult:

128 1844 249 1891 dum
274 1843 407 1891 enirn
427 1860 598 1892 sensus
624 1845 723 1893 fere
748 1843 935 1906 integer
959 1853 1008 1892 et
1033 1843 1152 1892 citra
1177 1843 1544 1907 corruptionem
1561 1854 1788 1904 servatur,

129 1931 414 1980 hominibus
447 1932 642 1981 interim
676 1932 862 1980 humile
896 1934 1153 1981 oculorum
1180 1948 1359 1980 munus
1394 1933 1714 1992 elevantibus,
1744 1943 1793 1982 et

129 2036 189 2067 ex
213 2020 450 2068 memoria
474 2037 647 2083 parum
672 2029 898 2069 accurate
924 2022 1001 2069 vel
1026 2020 1422 2069 describentibus
1448 2022 1525 2069 vel
1551 2020 1793 2070 laudanti-

129 2107 235 2164 bus,
263 2108 525 2165 verborum
550 2107 796 2155 absolutio
821 2117 869 2155 et
894 2107 1136 2156 subtilitas
1169 2107 1405 2170 paulatim
1439 2109 1793 2158 deminuuntur

130 2203 178 2241 et
214 2210 363 2243 omne
398 2211 553 2256 genus
589 2194 947 2243 immutationis
985 2194 1168 2243 sensim
1206 2194 1396 2258 inrepit.
1472 2196 1578 2259 ipsa
1625 2206 1791 2246 autem

128 2281 312 2343 Vergili
360 2281 565 2340 indoles,
613 2281 851 2331 sermonis
891 2291 939 2331 et
986 2282 1054 2331 rei
1097 2282 1328 2332 metricae
1370 2284 1605 2343 novatrix,
1650 2285 1792 2334 inter-

128 2368 431 2430 polatoribus
468 2379 517 2418 et
553 2369 716 2418 sciolis
752 2386 922 2418 ansam
956 2370 1023 2418 ita
1051 2370 1277 2433 praebuit
1306 2381 1372 2430 ut,
1413 2371 1529 2421 vitia
1567 2374 1677 2422 luce
1716 2373 1792 2438 (ut

128 2455 376 2520 videntur)
425 2457 628 2506 clariora
675 2458 913 2521 corrigere
961 2460 1230 2517 studentes,
1275 2459 1478 2508 floribus
1529 2462 1786 2509 Musarum

128 2544 487 2593 delicatissimis
513 2545 706 2609 saepius
732 2546 1084 2595 insultaverint.
1157 2547 1351 2597 accedit
1375 2549 1511 2610 quod
1537 2548 1642 2612 ipse
1662 2549 1789 2601 vitae

129 2632 296 2694 spatiis
320 2634 545 2682 exclusus
571 2633 752 2696 iniquis
777 2634 996 2683 carmina
1020 2651 1108 2683 sua
1127 2652 1229 2684 non
1248 2635 1471 2694 absolvit,
1492 2638 1580 2685 sed
1606 2639 1789 2686 multos

127 2723 322 2786 reliquit
345 2725 481 2773 locos
507 2725 592 2787 qui
616 2724 887 2774 editoribus
908 2728 1107 2775 Tuccae
1132 2736 1181 2775 et
1200 2725 1350 2775 Vario
1376 2726 1581 2775 curandi
1607 2736 1783 2786 essent,

127 2813 308 2861 multos
331 2812 482 2861 etiam
500 2812 680 2876 quibus
699 2815 834 2862 nulla
852 2813 946 2862 nisi
964 2823 1141 2877 poetae
1161 2830 1335 2863 manus
1351 2831 1515 2864 veram
1542 2815 1787 2864 medelam

125 2898 362 2948 adhibere
408 2909 588 2963 posset.
678 2917 779 2964 quo
825 2903 1010 2950 factum
1058 2911 1132 2950 est
1179 2910 1233 2950 ut
1279 2904 1428 2965 paulo
1475 2911 1588 2962 post
1634 2901 1786 2965 ipsius
