2046 3380
1287 177 1712 228 GEORGICON
1752 178 1836 225 III

165 319 353 370 arboris
390 319 601 369 obnixus
639 327 828 378 trunc0‚
869 326 1145 380 ventosque
1182 315 1377 365 lacessit

169 401 362 461 ictibus,
402 410 451 450 et
487 416 653 463 sparsa
687 400 754 449 ad
790 415 1008 462 pugnam
1045 396 1263 461 proludit
1300 398 1495 446 harena.

166 492 281 546 post
316 481 403 531 ubi
438 483 705 531 collectum
741 481 891 530 robur
926 479 1153 542 viresque
1190 480 1414 537 refectae,
1762 497 1811 536 ²3
1820 498 1840 537 5

166 564 306 627 signa
341 572 507 612 movet
542 578 881 626 praecepsque
917 560 1130 610 oblitum
1167 562 1318 609 fertur
1352 559 1404 608 in
1441 561 1670 609 hostem:

163 647 342 694 fluctus
380 644 451 693 uti
487 644 654 694 medio
692 643 857 707 coepit
891 660 1006 692 cum
1041 642 1292 691 albescere
1326 650 1498 704 ponto,

164 726 359 790 longius
396 743 456 775 ex
491 728 691 789 altoque
729 725 893 774 sinum
930 723 1090 783 trahit,
1132 732 1288 786 utque
1323 724 1520 772 volutus

162 810 227 858 ad
264 818 413 858 terras
451 808 668 857 immane
704 816 848 857 sonat
883 823 971 870 per
1006 823 1121 855 saxa
1156 822 1320 869 neque
1356 805 1465 868 ipso

163 899 335 955 monte
372 889 533 938 minor
570 888 865 952 procumbit,
905 897 954 936 at
991 886 1091 935 ima
1127 895 1379 936 exaestuat
1416 887 1551 935 unda
1763 906 1841 946 240

162 969 425 1020 verticibus
462 970 750 1033 nigramque
788 971 886 1018 alte
923 967 1166 1017 subiectat
1202 969 1451 1016 harenam.

230 1053 396 1102 Omne
431 1054 558 1101 adeo
593 1068 749 1115 genus
786 1050 837 1099 in
875 1049 1012 1099 terris
1050 1048 1413 1112 hominumque
1460 1049 1772 1111 ferarumque

162 1142 210 1181 et
250 1149 406 1196 genus
441 1149 758 1195 aequoreum,
799 1132 1018 1194 pecudes
1058 1129 1321 1193 pictaeque
1357 1130 1596 1188 volucres,

161 1213 213 1262 in
248 1213 397 1263 furias
433 1213 698 1277 ignemque
736 1222 913 1261 ruunt:
963 1229 1102 1261 amor
1144 1210 1378 1260 omnibus
1415 1209 1562 1259 idem.

162 1305 385 1358 tempore
421 1311 524 1343 non
559 1294 656 1343 alio
698 1295 972 1342 catulorum
1006 1291 1162 1341 oblita
1196 1293 1369 1340 leaena
1761 1310 1837 1351 245

161 1375 351 1425 saevior
386 1375 559 1424 erravit
597 1374 798 1437 campis,
840 1390 934 1422 nec
970 1375 1141 1421 funera
1177 1374 1325 1435 vulgo

161 1466 263 1505 tam
299 1458 454 1505 multa
489 1456 723 1505 informes
762 1454 862 1503 ursi
900 1463 1211 1517 stragemque
1248 1453 1432 1501 dedere

161 1555 248 1602 per
283 1538 426 1587 silvas
443 1557 458 1600 3
505 1548 611 1587 tum
648 1554 822 1586 saevus
860 1553 990 1599 aper,
1031 1545 1137 1584 tum
1174 1534 1388 1599 pessima
1425 1533 1557 1597 tigris
1574 1552 1587 1595 ;

162 1622 260 1669 heu
280 1623 425 1670 ‘male
461 1630 567 1670 turn
605 1620 790 1683 Libyae
829 1619 946 1669 solis
983 1627 1166 1668 erratur
1201 1617 1252 1666 in
1287 1617 1427 1681 agris.

161 1719 330 1751 nonne
366 1701 503 1751 vides
540 1711 595 1750 ut
630 1710 734 1750 tota
772 1710 953 1750 tremor
995 1708 1292 1763 pertemptet
1328 1715 1571 1762 equorum
1760 1720 1838 1759 250

162 1801 382 1847 corpora,
422 1784 463 1832 si
498 1792 691 1832 tantum
729 1792 872 1832 notas
911 1783 1036 1831 odor
1071 1781 1234 1830 attulit
1269 1783 1448 1829 auras?

161 1882 220 1913 ac
257 1882 420 1928 neque
456 1882 542 1914 eos
579 1864 678 1913 iam
715 1866 853 1913 frena
888 1863 1047 1912 virum
1084 1879 1247 1926 neque
1283 1862 1486 1911 verbera
1523 1878 1682 1921 saeva,

163 1963 266 1995 non
302 1946 494 2009 scopuli
531 1962 778 2009 rupesque
816 1961 966 1993 cavae
1002 1953 1152 2006 atque
1188 1942 1385 1992 obiecta
1420 1944 1669 1992 retardant

163 2027 369 2076 flumina
406 2036 759 2091 correptosque
797 2028 933 2076 unda
969 2024 1250 2088 torquentia
1286 2024 1483 2074 montis.

162 2108 267 2172 ipse
303 2109 398 2157 ruit
435 2111 709 2171 dentesque
748 2107 1021 2156 Sabellicus
1058 2105 1250 2155 exacuit
1287 2122 1369 2154 sus
1760 2127 1835 2166 255

162 2199 211 2238 et
245 2191 375 2253 pede
410 2189 683 2253 prosubigit
720 2199 912 2248 terram,
951 2188 1090 2238 fricat
1124 2188 1299 2237 arbore
1335 2196 1497 2237 costas

162 2282 313 2336 atque
347 2271 465 2322 hinc
502 2282 651 2336 atque
688 2271 823 2320 illinc
859 2287 1056 2320 umeros
1093 2272 1158 2319 ad
1194 2272 1397 2320 vulnera
1432 2273 1588 2320 durat.

162 2353 284 2416 quid
320 2353 522 2413 iuvenis,
564 2370 799 2416 magnum
836 2352 917 2401 cui
952 2361 1111 2401 versat
1147 2351 1198 2399 in
1235 2351 1429 2400 ossibus
1465 2351 1631 2414 ignem

162 2435 315 2483 durus
351 2436 526 2484 amor?
574 2450 755 2497 nempe
791 2432 1012 2496 abruptis
1050 2432 1245 2482 turbata
1279 2432 1507 2495 procellis

162 2524 310 2564 nocte
346 2524 482 2564 natat
518 2532 666 2564 caeca
703 2531 838 2564 serus
874 2517 996 2563 freta
1013 2533 1026 2574 3
1074 2530 1225 2576 quem
1262 2530 1409 2576 super
1443 2513 1617 2577 ingens
1758 2522 1835 2562 260

162 2605 303 2658 porta
339 2605 478 2645 tonat
514 2596 650 2655 caeli,
691 2605 739 2644 et
776 2595 991 2659 scopulis
1028 2594 1172 2643 inlisa
1208 2596 1477 2644 reclamant

161 2693 408 2739 aequora3
457 2694 550 2725 nec
588 2676 751 2725 miseri
787 2685 994 2739 possunt
1032 2692 1261 2725 revocare
1297 2685 1538 2738 parentes,

215 2808 404 2855 233-262
425 2805 556 2844 MPR
693 2817 772 2855 235
802 2805 920 2857 post]
942 2810 1008 2844 ast
1029 2803 1083 2842 M
1151 2810 1350 2854 receptae
1371 2803 1524 2855 R7²b²c
1655 2805 1736 2852 236
1765 2804 1834 2843 ob-

160 2860 287 2899 licum
308 2860 362 2898 M
511 2872 590 2909 237
622 2866 667 2898 ut
688 2861 731 2898 in
756 2859 811 2898 M
933 2859 1096 2911 medio]
1126 2860 1259 2908 primo
1284 2857 1355 2896 ΜΖ
1505 2871 1582 2907 241
1614 2858 1834 2896 subvectat

161 2914 254 2953 MR
264 2916 382 2954 schol.
406 2915 529 2954 Bern.
644 2926 777 2963 25o—2
780 2925 833 2963 54
844 2919 938 2963 post
953 2915 1045 2963 263,
1062 2915 1253 2962 264-265
1267 2917 1363 2964 post
1372 2925 1451 2962 257
1467 2913 1642 2951 conlocat
1652 2912 1831 2959 Ribbeck,

154 2969 303 3018 probat
332 2968 529 3021 Madvig:
571 2968 642 3007 sed
684 2981 733 3006 ne
762 2969 818 3006 ita
850 2967 1017 3017 quidem
1054 2968 1281 3007 absolvitur
1307 2967 1404 3006 ordo
1571 2978 1651 3016 254
1680 2972 1833 3017 pontes

160 3022 368 3063 Schrader
472 3035 549 3074 257
580 3035 836 3072 umerosque
855 3021 1030 3074 PR7²bc
