2014 3372
1387 160 1748 210 AENEIDOS
1785 161 1832 210 V

165 308 287 356 alter
321 305 386 354 ab
421 302 642 353 Arcadiov
673 305 930 366 Tegeaeae
966 300 1204 365 sanguine
1239 299 1427 365 gentis:

166 398 274 437 tum
310 389 412 436 duo
448 384 688 434 Trinacrii
724 384 948 443 iuvenes,v
982 384 1229 446 Helymus
1267 384 1612 445 Panopesque,
1667 426 1670 428 ,
1754 400 1833 440 300

165 467 358 518 adsueti
395 466 540 526 silvis,
579 465 786 515 comites
823 464 1028 514 senioris
1063 466 1276 512 Acestae
1293 481 1307 523 3

166 549 308 598 multi
344 557 605 612 praeterea,
647 563 781 610 quos.
809 548 940 594 fama
975 545 1186 594 obscura
1222 543 1458 593 recondit.

165 633 361 679 Aeneas
398 628 578 692 quibus
615 628 666 676 in
702 627 878 676 mediis
915 626 985 675 sic
1021 625 1203 674 deinde
1239 627 1465 674 locutus:

170 711 404 775 ‘accipite
440 713 565 759 haec
600 710 776 759 animis
813 712 1064 772 laetasque
1098 707 1338 757 advertite
1374 715 1578 756 mentes.
1640 743 1641 746 η

166 811 315 843 nemo
353 811 411 842 ex
447 795 545 841 hoc
581 808 788 840 numero
825 790 947 839 mihi
983 807 1086 839 non
1122 791 1335 838 donatus
1370 788 1541 837 abibit.
1751 807 1830 848 305

168 874 358 924 Gnosia
397 874 513 923 bina
550 874 683 922 dabo
718 875 880 921 levato
915 871 1082 920 lucida
1117 872 1243 919 ferro

166 955 355 1020 spicula
392 957 732 1017 caelatamque
766 962 970 1017 argento
1006 954 1129 1001 ferre
1167 951 1467 1014 bipennem3

166 1037 399 1086 omnibus
436 1036 517 1085 hic
554 1036 643 1085 erit
678 1052 806 1084 unus
843 1037 1016 1084 honos.
1091 1043 1187 1082 tres
1223 1031 1442 1096 praemia
1476 1029 1622 1095 primi

165 1118 410 1182 accipient
446 1120 670 1181 flavaque
706 1125 855 1180 caput
890 1124 1150 1165 nectentur
1185 1114 1327 1163 oliva.

166 1199 352 1263 primus
390 1216 574 1263 equum
610 1197 821 1261 phaleris
857 1197 1101 1260 insignem
1137 1195 1293 1244 victor
1333 1195 1550 1255 habeto3
1755 1213 1834 1253 310

165 1283 286 1330 alter
322 1280 646 1329 Amazoniam
682 1281 961 1343 pharetram
997 1280 1295 1342 plenamque
1332 1275 1517 1339 sagittis

166 1362 422 1422 Threiciis,
462 1364 562 1410 lato
599 1377 748 1424 quam
785 1360 970 1408 circum
1006 1358 1319 1421 amplectitur
1353 1373 1475 1406 auro

167 1444 357 1492 balteus
395 1452 443 1492 et
478 1441 619 1491 tereti
655 1439 904 1490 subnectit
938 1440 1092 1489 fibula
1126 1455 1357 1501 gemma3

166 1524 336 1573 tertius
373 1523 603 1587 Argolica
638 1524 731 1571 hac
767 1523 906 1586 galea
941 1529 1205 1570 contentus
1241 1518 1407 1567 abito.'

236 1608 381 1654 Haec
417 1605 504 1654 ubi
540 1604 686 1664 dicta,
724 1606 891 1653 locum
927 1603 1130 1666 capiunt
1165 1601 1406 1664 signoque
1440 1609 1644 1664 repente
1756 1621 1832 1662 315

167 1686 436 1750 corripiunt
472 1685 628 1749 spatia
662 1684 834 1734 audito
870 1684 1121 1746 limenque
1157 1682 1454 1744 relinquunt,

167 1768 307 1816 effusi
343 1767 516 1816 nimbo
554 1766 765 1815 similes:
814 1765 960 1814 simul
996 1764 1169 1813 ultima
1204 1763 1411 1827 signant.

166 1849 352 1913 primus
388 1849 491 1898 abit
527 1850 774 1911 longeque
808 1856 924 1895 ante
959 1845 1128 1895 omnia
1168 1861 1374 1907 corpora
1411 1843 1562 1893 Nisus

167 1930 347 1979 emicat
383 1939 431 1979 et
466 1929 624 1978 ventis
661 1938 709 1977 et
745 1927 965 1976 fulminis
1002 1926 1138 1976 ocior
1173 1925 1294 1987 alis3

166 2011 417 2075 proximus
454 2011 584 2070 huic,
622 2012 773 2072 longo
809 2010 898 2058 sed
934 2008 1185 2072 proximus
1220 2007 1489 2066 intervallo,
1753 2026 1832 2066 320

167 2092 439 2155 insequitur
476 2091 665 2151 Salius3
701 2090 859 2153 spatio
895 2098 1008 2152 post
1043 2088 1226 2138 deinde
1262 2087 1432 2137 relicto

167 2173 335 2223 tertius
374 2175 612 2236 Euryalus
630 2191 643 2233 3

169 2258 537 2319 Euryalumque
575 2256 823 2317 Helymus
860 2252 1080 2317 sequitur
1096 2271 1110 2314 3
1146 2269 1246 2315 quo
1282 2251 1467 2301 deinde
1502 2251 1595 2300 sub
1632 2250 1741 2314 ipso

92 2395 104 2402 .
167 2353 284 2385 ecce
319 2339 451 2385 volat
487 2338 775 2399 calcemque
811 2335 920 2384 terit
955 2334 1054 2382 iam
1091 2335 1225 2382 calce
1263 2332 1439 2381 Diores

168 2416 461 2466 incumbens
498 2434 684 2476 umero,
724 2416 881 2479 spatia
916 2424 964 2464 et
1000 2414 1041 2463 si
1076 2416 1217 2477 plura
1253 2412 1497 2476 supersint
1750 2431 1829 2471 325

168 2506 381 2547 transeat
416 2500 610 2561 elapsus
646 2498 777 2560 prior
811 2496 1200 2560 ambiguumque
1235 2494 1491 2556 relinquat.

168 2578 365 2642 iamque
401 2581 500 2628 fere
536 2578 695 2642 spatio
732 2587 950 2627 extremo
987 2576 1202 2639 fessique
1239 2575 1332 2624 sub
1367 2574 1522 2637 ipsam

225 2718 415 2755 299-327
446 2704 576 2744 MPR
823 2718 904 2755 299
932 2704 1116 2744 Arcadia
1145 2703 1259 2754 P7bc
1365 2702 1590 2750 Tegeaeae
1621 2700 1831 2750 sanguine

168 2759 224 2798 Pl
257 2758 530 2798 Mentelianus
559 2760 682 2800 alter:
731 2760 901 2809 Tegeae
931 2760 984 2798 de
1014 2757 1234 2807 M²P²7crr‚
1256 2762 1479 2806 utrumque
1503 2759 1672 2793 testatur
1697 2754 1828 2804 Serv„

167 2813 275 2852 illud
298 2814 491 2864 praefert:
533 2814 699 2863 Tegere
730 2815 783 2852 de
813 2812 906 2851 Ml:
947 2813 1119 2862 Tegaea
1151 2813 1203 2849 de
1237 2811 1280 2848 R
1445 2822 1526 2859 309
1555 2808 1682 2858 flava]
1719 2808 1831 2846 fulva

170 2869 365 2907 mvem'sse
381 2868 540 2907 videtur
559 2867 673 2907 Serv.
840 2880 923 2916 310
951 2879 1102 2916 equam
1130 2864 1197 2903 Ml
1362 2877 1442 2913 312
1472 2862 1832 2912 circumplectitur

170 2921 223 2958 M
332 2934 413 2971 323
433 2922 537 2974 quo]
552 2923 667 2972 quod
681 2921 773 2959 MR
789 2935 797 2959 z
819 2934 944 2970 quem
957 2920 1011 2959 P1
1141 2920 1222 2968 326
1243 2918 1568 2968 ambiguumque
1588 2915 1700 2955 codd.
1718 2929 1727 2953 z
1758 2929 1830 2955 -ve

173 2977 183 2997 ‘
198 2975 341 3013 codices
360 2978 490 3015 nostri
505 2975 670 3015 omnes'
690 2976 777 3015 Nic.
801 2976 1018 3024 Heinsius,
1038 2972 1110 3013 sed
1126 2973 1264 3024 quales
1282 2986 1366 3012 non
1388 2973 1532 3023 liquet:
1575 2984 1645 3009 ·ve
1665 2969 1829 3023 Bentley

170 3028 339 3068 Ribbeck
357 3030 432 3069 alii
537 3043 612 3080 327
644 3031 782 3080 ipsum
800 3029 867 3068 M²
