2014 3372
234 139 286 188 P.
325 139 623 187 VERGILI
663 138 989 187 MARONIS

233 279 492 329 advenisse
529 279 662 328 diem
700 296 800 342 quo
837 278 1007 327 debita
1043 279 1242 328 mOenia
1278 281 1511 328 condant.
1644 277 1646 280 ’
1727 303 1732 306 -
1832 297 1911 338 145

233 361 456 410 certatim
492 361 767 410 instaurant
802 363 973 425 epulas
1009 370 1158 425 atque
1196 361 1363 410 omine
1399 376 1582 424 magno

233 453 442 492 crateras
479 443 594 492 laeti
631 452 849 492 statuunt
886 453 935 492 et
970 443 1085 492 vina
1121 453 1372 492 coronant.

303 527 506 573 Postera
543 542 657 573 cum
694 524 852 588 prima
888 526 1126 573 lustrabat
1162 526 1392 588 lampade
1429 534 1579 573 terras

234 614 339 654 orta
375 605 495 665 dies,
535 606 710 654 urbem
747 615 796 654 et
832 605 943 654 finis
981 615 1029 654 et
1065 605 1207 654 litora
1243 605 1401 669 gentis

233 685 412 735 diversi
449 689 735 750 explorant:
784 689 908 736 haec
945 686 1096 735 fontis
1133 696 1305 749 stagna
1341 686 1557 746 Numici,
1832 706 1913 746 150

233 770 367 817 hunc
404 768 643 832 Thybrim
678 769 898 828 fiuvium,
937 768 1019 816 hic
1055 768 1193 817 fortis
1229 767 1452 816 habitare
1490 766 1708 817 Latinos.

233 859 339 898 tum
377 859 509 898 satus
546 850 767 899 Anchisa
803 852 1024 899 delectos
1061 849 1236 898 ordine
1271 850 1335 898 ab
1373 847 1511 897 omni

233 939 435 980 centum
472 940 686 980 oratores
722 940 928 994 augusta
962 932 1028 979 ad
1063 930 1261 979 moenia
1296 929 1421 994 regis

232 1011 301 1061 ire
337 1012 489 1073 iubet,
528 1012 674 1061 ramis
710 1015 898 1062 velatos
936 1012 1152 1061 Palladis
1189 1011 1366 1072 omnis,

233 1095 467 1157 donaque
502 1096 627 1143 ferre
662 1093 766 1142 viro
802 1110 1078 1157 pacemque
1115 1109 1380 1156 exposcere
1415 1091 1634 1141 Teucris.
1832 1111 1911 1154 155

231 1177 368 1225 haud
405 1193 556 1236 mora,
596 1175 830 1225 festinant
866 1174 986 1223 iussi
1022 1174 1307 1238 rapidisque
1343 1176 1565 1222 feruntur

232 1257 472 1321 passibus.
547 1257 654 1321 ipse
690 1257 866 1307 humili
903 1256 1127 1320 designat
1163 1255 1364 1305 moenia
1399 1257 1532 1304 fossa

233 1339 533 1403 moliturque
569 1341 752 1399 locum,
790 1338 1074 1403 primasque
1110 1337 1161 1386 in
1197 1337 1340 1386 litore
1377 1338 1521 1386 sedes

232 1430 505 1470 castrorum
541 1421 594 1470 in
630 1438 821 1470 morem
857 1420 1021 1484 pinnis
1057 1430 1208 1483 atque
1243 1436 1419 1483 aggere
1455 1418 1619 1482 cingit.

233 1503 432 1567 iamque
468 1503 559 1552 iter
595 1502 786 1552 emensi
822 1502 962 1551 turris
999 1519 1057 1551 ac
1095 1511 1225 1551 tecta
1262 1501 1553 1550 Latinorum
1828 1508 1912 1549 160

232 1587 386 1635 ardua
423 1586 695 1635 cernebant
730 1584 932 1633 iuvenes
970 1601 1213 1647 muroque
1251 1582 1498 1632 subibant.

231 1677 348 1716 ante
384 1668 560 1716 urbem
597 1666 736 1731 pueri
773 1675 821 1715 et
857 1666 1109 1729 primaevo
1146 1667 1266 1714 flore
1302 1664 1532 1712 iuventus

233 1759 521 1799 exercentur
556 1749 697 1812 equis
734 1748 1081 1811 domitantque
1117 1747 1168 1795 in
1205 1749 1405 1810 pulvere
1441 1762 1625 1806 currus,

231 1842 317 1881 aut
353 1832 476 1881 acris
514 1834 727 1881 tendunt
762 1847 904 1879 arcus
940 1839 1025 1879 aut
1060 1832 1195 1879 lenta
1232 1828 1425 1877 lacertis

233 1913 423 1977 spicula
459 1921 804 1976 contorquent,
845 1927 1093 1974 cursuque
1129 1909 1331 1973 ictuque
1367 1912 1648 1958 lacessunt:
1834 1915 1908 1968 165

234 2012 350 2043 cum
386 2002 677 2057 praevectus
714 2009 846 2056 equo
881 1990 1109 2055 longaevi
1145 1990 1271 2054 regis
1308 1992 1373 2039 ad
1409 1990 1538 2039 auris

233 2074 436 2123 nuntius
473 2074 685 2139 ingentis
723 2074 892 2138 ignota
927 2072 978 2121 in
1015 2081 1151 2121 veste
1187 2080 1403 2134 reportat

232 2155 493 2204 advenisse
528 2155 670 2204 viros.
745 2155 828 2204 ille
863 2154 990 2203 intra
1026 2163 1156 2202 tecta
1191 2152 1356 2202 vocari

232 2238 442 2301 imperat
478 2247 527 2286 et
563 2237 688 2286 solio
725 2236 920 2285 medius
957 2234 1184 2284 consedit
1219 2234 1365 2283 avito.

302 2322 517 2368 Tectum
542 2328 821 2382 augustum,
849 2317 1037 2381 ingens,
1066 2325 1269 2366 centum
1296 2314 1508 2364 sublime
1535 2311 1778 2363 columnis
1830 2330 1911 2374 170

233 2402 355 2450 urbe
391 2401 482 2449 fuit
519 2418 725 2460 summa,
767 2399 1027 2448 Laurentis
1064 2398 1196 2462 regia
1232 2397 1351 2456 Pici,

232 2484 538 2531 horrendum
575 2481 706 2530 silvis
745 2490 793 2530 et
830 2480 1065 2544 religione
1102 2489 1376 2542 parentum.

233 2563 315 2612 hic
353 2573 547 2626 sceptra
582 2563 807 2626 accipere
845 2571 893 2611 et
930 2561 1115 2625 primos
1151 2562 1374 2609 attollere
1409 2558 1554 2607 fascis

235 2644 430 2709 regibus
469 2662 618 2694 omen
656 2654 758 2693 erat
776 2663 789 2704 ,-
837 2646 935 2692 hoc
971 2643 1064 2691 illis
1102 2642 1236 2691 curia
1272 2643 1529 2704 templum,

237 2728 331 2774 hae
369 2726 516 2775 sacris
555 2727 697 2775 sedes
735 2724 892 2788 epulis
911 2742 924 2784 3
971 2723 1052 2771 hic
1088 2723 1238 2771 ariete
1275 2738 1421 2770 caeso
1833 2736 1907 2779 175

292 2869 479 2907 145—175
501 2856 632 2895 MPR
857 2855 935 2893 160
956 2859 998 2892 et
1019 2853 1070 2890 M
1074 2853 1141 2903 ¹7b
1230 2851 1365 2906 Latini
1387 2849 1454 2889 M2
1478 2849 1673 2900 Ladewtg
1693 2847 1906 2900 Giithling3

233 2913 310 2962 qui
327 2917 466 2951 ceteros
485 2910 690 2950 Aeneidos
708 2923 849 2949 versus
868 2908 1141 2959 hypermetros
1159 2907 1202 2945 in
1223 2919 1324 2956 -que
1338 2904 1594 2957 praecedente
1606 2903 1762 2952 syllaba
1783 2902 1911 2954 longa

232 2968 337 3006 exire
358 2971 497 3006 monet
655 2966 733 3014 163
764 2970 991 3003 exercetur
1010 2962 1096 3013 P71
1267 2973 1342 3011 173
1373 2960 1472 2999 hinc
1492 2957 1674 3009 7²bcmvr²
1693 2956 1900 2996 deteriores
