2014 3372
185 152 238 198 P.
278 149 578 197 VERGILI
618 147 946 196 MARONIS

186 289 340 339 divini
377 289 644 338 adsimulat
681 287 869 351 capitis,
909 289 996 337 dat
1031 286 1199 337 inania
1232 287 1397 348 verba,

186 373 273 420 dat
309 371 417 420 sine
454 380 622 419 mente
659 387 839 419 sonum
875 385 1170 432 gressusque
1207 368 1392 432 effingit
1428 367 1623 419 euntis:

188 462 347 501 morte
383 451 520 501 obita
556 451 715 515 qualis
752 453 884 498 fama
919 459 993 499 est
1028 450 1231 499 volitare
1267 452 1446 513 figuras

188 542 274 582 aut
310 550 438 597 quae
475 532 665 596 sopitos
702 533 948 581 deludunt
985 530 1180 580 somnia
1217 547 1403 579 sensus.

187 624 237 664 at
274 614 456 678 primas
492 617 621 663 laeta
657 623 773 663 ante
809 613 939 662 acies
977 615 1186 661 exsultat
1222 611 1386 676 imago

188 696 454 760 inritatque
491 696 650 744 virum
687 695 796 744 telis
834 704 883 743 et
919 711 1042 743 voce
1078 694 1286 743 lacessit.

187 777 336 827 instat
373 778 454 826 cui
490 780 690 826 Turnus
727 776 1119 839 stridentemque
1155 775 1350 824 eminus
1386 777 1580 824 hastam

187 859 383 919 conicit,
424 859 507 907 illa
543 860 661 908 dato
698 857 841 907 vertit
876 857 1082 921 vestigia
1116 866 1265 921 tergo.

188 950 295 990 tum
332 959 448 991 vero
484 943 693 989 Aenean
729 956 956 988 aversum
993 948 1048 987 ut
1084 940 1260 987 cedere
1296 940 1496 987 Turnus

188 1022 398 1072 credidit
423 1032 573 1086 atque
609 1022 779 1070 animo
816 1038 956 1084 spem
993 1019 1221 1069 turbidus
1257 1019 1422 1068 hausit
1457 1019 1687 1070 inanem:

190 1108 320 1168 ‘quo
356 1104 495 1167 fugis,
536 1106 747 1152 Aenea?
794 1104 1039 1151 thalamos
1075 1119 1138 1150 ne
1175 1104 1347 1151 desere
1382 1111 1555 1164 pactos
1572 1121 1585 1164 ;

188 1188 282 1235 hac
318 1186 517 1235 dabitur
553 1187 724 1234 dextra
759 1186 904 1233 tellus
943 1183 1167 1247 quaesita
1202 1200 1289 1247 per
1324 1185 1515 1232 undas.'

188 1268 304 1316 talia
339 1267 614 1317 vociferans
652 1266 873 1330 sequitur
910 1265 1236 1329 strictumque
1272 1274 1499 1314 coruscat

189 1367 495 1409 mucronem,
535 1366 629 1398 nec
666 1351 788 1397 ferre
824 1347 960 1397 videt
998 1364 1086 1396 sua
1121 1347 1302 1410 gaudia
1337 1355 1525 1396 ventos.

259 1434 405 1480 Forte
440 1430 556 1478 ratis
594 1429 712 1479 celsi
749 1429 1017 1478 coniuncta
1053 1427 1305 1492 crepidine
1343 1428 1444 1477 saxi

188 1512 423 1577 expositis
461 1512 622 1560 stabat
659 1511 803 1560 scalis
840 1519 889 1559 et
925 1519 1079 1573 ponte
1115 1519 1299 1572 parato,

189 1612 289 1658 qua
324 1612 406 1644 rex
444 1592 662 1644 Clusinis
698 1594 936 1641 advectus
975 1590 1179 1641 Osinius
1216 1590 1326 1640 oris.

190 1680 288 1727 huc
326 1694 433 1726 sese
469 1676 662 1740 trepida
698 1678 901 1724 Aeneae
939 1674 1170 1738 fugientis
1207 1673 1372 1738 imago

188 1759 373 1809 conicit
409 1759 460 1807 in
497 1759 720 1818 latebras,
762 1775 856 1806 nec
892 1760 1092 1806 Turnus
1130 1757 1325 1820 segnior
1360 1757 1509 1806 instat

189 1849 548 1905 exsuperatque
585 1857 747 1888 moras
785 1849 834 1888 et
869 1840 1036 1902 pontis
1074 1840 1282 1889 transilit
1318 1842 1458 1890 altos.

189 1923 268 1971 vix
303 1939 499 1986 proram
535 1921 772 1984 attigerat,
812 1921 995 1985 rumpit
1032 1921 1259 1970 Saturnia
1294 1924 1464 1971 funem

188 2006 511 2066 avulsamque
547 2002 672 2065 rapit
708 2005 930 2052 revoluta
966 2020 1053 2066 per
1088 2020 1306 2066 aequora
1341 2021 1532 2052 navem.

190 2095 297 2134 tum
333 2084 452 2134 levis
489 2085 625 2133 haud
662 2086 788 2132 ultra
823 2085 1035 2133 latebras
1072 2084 1170 2133 iam
1209 2084 1399 2148 quaerit
1435 2085 1611 2148 imago,

189 2169 277 2216 sed
315 2166 527 2215 sublime
563 2167 735 2214 volans
772 2165 895 2214 nubi
933 2183 984 2214 se
1022 2165 1292 2215 immiscuit
1328 2175 1472 2215 atrae.

188 2248 328 2296 illum
364 2257 530 2296 autem
568 2250 764 2296 Aeneas
802 2248 1061 2296 absentem
1101 2247 1152 2295 in
1190 2247 1376 2311 proelia
1410 2247 1585 2311 poscit,

188 2330 336 2380 obvia
372 2333 528 2378 multa
562 2329 721 2378 virum
759 2329 975 2379 demittit
1014 2347 1221 2393 corpora
1258 2329 1417 2389 morti,

189 2430 303 2462 cum
341 2415 568 2461 Turnum
605 2412 774 2462 medio
813 2412 1000 2462 interea
1039 2415 1131 2461 fert
1166 2429 1382 2476 aequore
1418 2413 1576 2462 turbo.

188 2494 386 2557 respicit
421 2494 616 2558 ignarus
656 2511 818 2543 rerum
858 2494 1176 2558 ingratusque
1213 2493 1381 2543 salutis

188 2584 238 2625 et
274 2575 484 2639 duplicis
522 2593 636 2624 cum
673 2593 797 2625 voce
836 2593 1012 2624 manus
1048 2578 1112 2625 ad
1150 2575 1310 2624 sidera
1345 2575 1536 2625 tendit:

194 2656 540 2720 ‘omnipotens
578 2657 781 2721 genitor,
823 2666 998 2706 tanton
1034 2674 1115 2706 me
1151 2656 1356 2705 crimine
1391 2656 1598 2720 dignum

189 2737 372 2787 duxisti
408 2747 457 2787 et
495 2738 604 2787 talis
641 2737 839 2788 voluisti
876 2740 1155 2801 expendere
1191 2740 1419 2801 poenas?

1785 375 1868 429 640

244 2870 437 2919 639-669
477 2868 609 2906 MPR
923 2869 1007 2917 639
1036 2868 1166 2906 verba
1204 2867 1247 2905 P
1281 2868 1323 2905 in
1366 2879 1537 2906 rasura:
1597 2866 1783 2905 membra
1822 2865 1869 2917 7²

189 2925 271 2972 640
300 2936 582 2973 gressumque
603 2921 658 2960 M
818 2923 1009 2972 660-665
1040 2922 1151 2961 hunc
1171 2921 1373 2975 ordinem,
1394 2922 1609 2961 Panst'nos
1627 2920 1709 2959 duo
1731 2920 1868 2970 secuti,

191 2978 376 3016 exhibent
394 2978 567 3016 Ribbeck
585 2977 661 3016 alii
761 2973 882 3028 [661]
910 2976 981 3015 ille
1001 2976 1152 3028 (PR7)
1175 3006 1185 3016 .
1207 3006 1217 3016 .
1242 3006 1251 3016 .
1275 2975 1456 3016 Aenean
1477 2974 1625 3028 (P1R)
1653 2972 1690 3011 V
1688 2975 1869 3014 rbanum

191 3031 332 3083 legisse
353 3036 528 3071 testatur
545 3030 660 3070 Serv.
801 3032 881 3069 668
903 3037 1025 3070 tanto
1045 3030 1157 3081 Ργπ2
