2014 3372
1367 153 1727 204 AENEIDOS
1763 153 1844 201 XI

176 303 398 358 quotque
434 293 612 343 emissa
648 310 799 343 manu
835 293 1075 343 contorsit
1111 293 1300 356 spicula
1333 293 1482 357 virgo,

176 382 249 421 tot
286 372 482 436 Phrygii
518 371 741 421 cecidere
775 372 876 421 viri.
952 375 1125 436 procul
1162 374 1379 436 Ornytus
1413 373 1561 422 armis

176 453 354 516 ignotis
391 463 439 502 et
475 470 606 516 equo
642 462 845 502 venator
883 456 1066 517 Iapyge
1103 455 1265 513 fertur,

175 534 255 582 cui
290 534 430 597 pellis
466 536 591 583 latos
627 551 823 583 umeros
860 544 1027 597 erepta
1062 534 1272 584 iuvenco

175 615 434 678 pugnatori
470 615 641 678 operit,
681 624 829 678 caput
864 615 1036 679 ingens
1072 616 1168 665 oris
1206 616 1368 665 hiatus
1735 620 1839 667 '680

175 706 223 745 et
259 699 416 745 malae
452 706 614 746 texere
649 697 753 760 lupi
789 714 904 746 cum
939 697 1172 747 dentibus
1208 698 1348 759 albis,

150 778 474 840 ,agrestisque
510 795 685 826 manus
721 788 877 827 armat
913 796 1083 843 sparus
1099 798 1114 840 3
1161 779 1267 842 ipse
1303 779 1509 829 catervis

174 860 374 909 vertitur
408 860 459 908 in
496 860 672 909 mediis
709 870 758 909 et
793 870 899 910 toto
935 861 1116 910 vertice
1152 879 1298 925 supra
1334 872 1420 911 est.

173 943 308 991 hunc
343 942 425 991 illa
461 952 721 1006 exceptum
760 942 943 1007 (neque
978 943 1111 992 enirn
1147 945 1286 992 labor
1321 944 1518 1007 agmine
1556 943 1718 1009 verso)

174 1023 331 1073 traicit
367 1034 415 1072 et
451 1041 596 1087 super
633 1026 755 1074 haec
793 1024 995 1074 inimico
1029 1035 1229 1088 pectore
1265 1027 1422 1074 fatur:
1759 1034 1837 1087 685

178 1104 336 1153 ‘silvis
374 1114 436 1164 te,
476 1107 743 1167 Tyrrhene‚
783 1107 907 1153 feras
943 1105 1125 1168 agitare
1160 1105 1386 1169 putasti?

174 1184 373 1234 advenit
410 1185 495 1248 qui
531 1195 690 1234 vestra
726 1185 832 1234 dies
869 1185 1191 1234 muliebribus
1227 1187 1374 1235 armis

174 1266 322 1314 verba
357 1266 666 1330 redarguerit.
742 1283 927 1315 nomen
963 1275 1131 1316 tamen
1166 1269 1302 1316 haud
1337 1270 1444 1317 leve
1479 1277 1674 1331 patrum

174 1346 402 1395 manibus
438 1349 536 1396 hoc
572 1349 761 1407 referes,
804 1350 902 1397 telo
939 1348 1176 1397 cecidisse
1213 1349 1482 1399 Camillae.'

242 1428 470 1476 Protinus
491 1428 808 1477 Orsilochum
835 1439 884 1478 et
902 1432 1078 1489 Buten,
1106 1432 1207 1479 duo
1233 1430 1446 1478 maxima
1470 1433 1719 1479 Teucrum
1757 1439 1837 1494 690

173 1525 410 1571 corpora-z
459 1511 548 1557 sed
587 1512 749 1558 Buten
787 1527 1012 1559 aversum
1049 1510 1254 1574 cuspide
1291 1511 1393 1559 fixit

172 1589 375 1638 loricam
413 1592 703 1653 galeamque
742 1590 880 1650 inter,
920 1608 1018 1653 qua
1053 1593 1181 1640 colla
1216 1591 1432 1640 sedentis

173 1672 340 1719 lucent
375 1680 423 1718 et
459 1673 600 1719 laevo
638 1672 888 1733 dependet
924 1688 1093 1734 parma
1127 1673 1310 1720 lacerto
1327 1690 1341 1732 3

174 1751 489 1801 Orsilochum
528 1752 718 1814 fugiens
759 1770 1094 1816 magnumque
1129 1753 1308 1816 agitata
1342 1770 1429 1816 per
1464 1754 1635 1802 orbern

173 1833 327 1881 eludit
362 1850 480 1896 gyro
518 1834 717 1883 interior
758 1835 1076 1898 sequiturque
1112 1843 1437 1898 sequentem3
1503 1894 1505 1898 y
1761 1844 1839 1898 695

173 1923 277 1962 tum
313 1914 527 1963 validam
565 1932 750 1978 perque
789 1933 924 1964 arma
961 1916 1064 1964 viro
1100 1932 1285 1979 perque
1321 1932 1433 1963 ossa
1468 1915 1677 1964 securim

171 1995 313 2043 altior
348 2013 611 2059 exsurgens
649 1998 806 2045 oranti
845 2007 893 2046 et
928 2000 1083 2045 multa
1117 1996 1337 2059 precanti

173 2077 522 2140 congeminat3
571 2081 747 2127 vulnus
787 2079 949 2127 calido
985 2078 1105 2142 rigat
1140 2095 1225 2127 ora
1260 2078 1474 2126 cerebro.

172 2157 344 2207 incidit
380 2159 495 2208 huic
533 2161 798 2224 subitoque
837 2170 1039 2224 aspectu
1076 2159 1267 2209 territus
1303 2159 1460 2207 haesit

171 2241 600 2303 Appenninicolae
639 2244 845 2292 bellator
879 2242 1007 2290 filius
1043 2241 1192 2301 Auni,
1763 2258 1840 2302 700

172 2323 306 2370 haud
344 2324 578 2387 Ligurum
618 2335 876 2384 extremus,
918 2325 1039 2373 dum
1075 2324 1241 2371 fallere
1276 2324 1375 2370 fata
1410 2322 1649 2371 sinebant.

171 2402 311 2465 isque
346 2405 433 2453 ubi
470 2422 521 2454 se
558 2409 694 2455 nullo
733 2407 830 2454 iam
869 2422 1013 2454 cursu
1049 2407 1256 2454 evadere
1292 2420 1486 2467 pugnae

171 2500 316 2546 posse
352 2503 515 2550 neque
551 2487 817 2536 instantem
856 2487 1073 2551 reginam
1110 2495 1326 2535 avertere
1358 2484 1525 2544 cernit,

172 2565 378 2615 consilio
414 2584 604 2617 versare
641 2570 784 2617 dolos
822 2568 1067 2630 ingressus
1104 2576 1152 2616 et
1187 2576 1296 2615 astu

171 2644 342 2709 incipit
378 2649 529 2697 haec:
584 2650 730 2712 ‘quid
766 2659 867 2698 tam
906 2650 1165 2714 egregium,
1210 2649 1250 2698 si
1286 2649 1470 2698 femina
1506 2646 1617 2696 forti
1762 2666 1836 2708 705

172 2726 282 2774 fidis
318 2731 485 2790 equo?
531 2729 724 2778 dimitte
759 2732 924 2793 fugam
961 2740 1010 2779 et
1046 2740 1093 2779 te
1132 2730 1411 2779 comminus
1448 2745 1608 2791 aequo

171 2823 368 2855 mecum
405 2810 550 2857 crede
586 2812 692 2858 solo
727 2826 1021 2872 pugnaeque
1057 2810 1259 2874 accinge
1296 2800 1544 2873 pedestri:

202 2935 418 3025 bg76—690
454 2936 573 2985 MR3
621 2939 809 2986 691-707
850 2936 981 2976 MPR
1290 2938 1373 2976 688
1404 2937 1685 2986 redargueret
1706 2935 1833 2977 MR?

172 3001 200 3037 γ
263 3003 289 3025 π
