2014 3372
222 162 274 208 P.
314 159 614 208 VERGILI
653 158 982 208 MARONIS

221 299 473 363 accepisse
509 301 636 358 lacu,
677 314 771 347 nec
807 290 1006 346 Thesea
1043 295 1436 360 Pirithoumque,

222 381 298 430 dis
338 397 644 444 quamquam
680 378 834 443 geniti
869 388 1020 442 atque
1056 378 1226 428 invicti
1260 377 1445 427 viribus
1482 385 1659 427 essent.

222 464 514 510 Tartareum
551 461 633 510 ille
670 478 823 509 manu
860 461 1122 509 custodem
1159 460 1210 508 in
1246 459 1409 507 vincla
1443 458 1617 522 petivit
1820 477 1900 522 395

209 543 375 606 *ipsius
411 560 442 591 a
478 542 603 592 solio
640 542 765 606 regis
803 541 1045 605 traxitque
1081 550 1412 601 trementem3

221 625 273 672 hi
310 624 568 674 dominam
608 624 738 673 Ditis
775 626 997 673 thalamo
1035 625 1284 673 deducere
1320 621 1511 671 adorti.'

222 722 351 769 quae
388 715 561 755 contra
597 705 810 755 breviter
845 707 945 754 fata
980 714 1054 754 est
1091 702 1391 767 Amphrysia
1425 712 1590 752 vates:

224 791 235 811 ‘
255 789 420 836 nullae
456 787 538 836 hic
573 786 783 836 insidiae
820 789 941 836 tales
980 785 1183 852 (absiste
1219 783 1443 849 moveri),

220 885 315 917 nec
351 868 452 917 vim
490 870 587 917 tela
624 870 823 929 ferunt3
860 867 976 918 licet
1011 867 1185 932 ingens
1221 866 1400 915 ianitor
1434 874 1576 915 antro
1819 886 1903 927 400

220 959 478 1002 aeternum
515 951 697 999 latrans
734 949 994 1014 exsanguis
1031 958 1209 998 terreat
1244 948 1459 1007 umbras,

221 1040 356 1080 casta
392 1031 507 1080 licet
543 1031 703 1094 patrui
732 1027 899 1080 ¹servet
937 1029 1233 1094 Proserpina
1268 1029 1436 1078 limen.

220 1112 400 1161 Troius
426 1115 639 1173 Aeneas,
680 1112 863 1176 pietate
899 1111 1103 1176 insignis
1141 1120 1189 1160 et
1225 1110 1388 1170 armis,

219 1197 285 1244 ad
321 1195 597 1258 genitorem
633 1195 758 1244 imas
798 1195 949 1244 Erebi
986 1194 1248 1244 descendit
1283 1195 1349 1242 ad
1385 1193 1600 1242 umbras.

220 1277 260 1326 si
297 1287 345 1326 te
382 1279 518 1326 nulla
553 1286 722 1326 movet
758 1286 925 1326 tantae
960 1275 1156 1339 pietatis
1194 1275 1373 1339 imago,
1817 1292 1899 1336 405
1967 1322 1970 1324 ,

220 1368 270 1408 at
307 1377 499 1408 ramum
536 1361 700 1407 hunc'
740 1358 916 1424 (aperit
952 1375 1146 1407 ramum
1184 1357 1269 1421 qui
1306 1365 1442 1406 veste
1478 1355 1684 1421 latebat)

225 1443 522 1504 ‘agnoscas'
593 1441 786 1489 tumida
823 1458 882 1489 ex
917 1440 988 1488 ira
1023 1449 1130 1488 tum
1168 1441 1320 1488 corda
1356 1437 1591 1487 residunt.

219 1539 313 1571 nec
349 1525 491 1585 plura
527 1522 616 1571 his.
691 1522 773 1571 ille
808 1522 1059 1571 admirans
1096 1520 1377 1570 venerabile
1415 1522 1606 1569 donum

219 1604 379 1653 fatalis
416 1604 579 1667 virgae
616 1605 766 1666 longo
803 1612 918 1666 post
954 1612 1176 1665 tempore
1212 1601 1374 1650 visum

220 1687 497 1733 caeruleam
533 1684 744 1734 advertit
779 1683 989 1747 puppim
1027 1683 1261 1746 ripaeque
1297 1681 1609 1746 propinquat.
1819 1700 1901 1741 410

219 1766 338 1816 inde
374 1767 493 1817 alias
529 1766 734 1826 animas,
776 1783 905 1829 quae
940 1783 1028 1829 per
1064 1765 1177 1829 iuga
1214 1767 1362 1828 longa
1398 1764 1654 1823 sedebant,

220 1849 450 1897 deturbat
486 1850 717 1911 laxatque
753 1850 921 1908 foros,
957 1847 1105 1896 simul
1139 1846 1320 1910 accipit
1356 1848 1498 1895 alveo

219 1929 473 1992 ingentem
510 1932 732 1978 Aenean.
807 1929 994 1993 gemuit
1031 1929 1124 1977 sub
1161 1930 1384 1992 pondere
1422 1927 1604 1976 cumba

219 2011 376 2060 sutilis
414 2020 462 2060 et
500 2013 708 2059 multam
743 2010 937 2074 accepit
973 2010 1155 2059 rimosa
1191 2011 1440 2073 paludem.

219 2094 424 2141 tandem
461 2102 594 2141 trans
631 2092 836 2141 fluvium
873 2092 1138 2141 incolumis
1175 2101 1440 2155 vatemque
1476 2089 1735 2154 virumque
1808 2109 1895 2149 ⁷415

208 2175 417 2224 ‘informi
453 2175 574 2225 limo
610 2178 884 2239 glaucaque
922 2175 1124 2239 exponit
1161 2175 1211 2223 in
1249 2177 1374 2223 ulva.

290 2257 535 2306 Cerberus
572 2259 697 2305 haec
733 2257 907 2319 ingens
945 2258 1122 2305 latratu
1158 2273 1308 2320 regna
1345 2254 1537 2304 trifauci

219 2350 452 2402 personat
488 2341 697 2388 adverso
734 2340 977 2388 recubans
1014 2339 1244 2387 immanis
1281 2338 1332 2386 in
1368 2348 1525 2387 antro.

220 2422 301 2470 cui
336 2431 471 2471 vates
509 2424 707 2471 horrere
743 2421 918 2471 videns
956 2422 1055 2470 iam
1094 2424 1221 2471 colla
1259 2420 1476 2470 colubris

219 2505 365 2551 melle
402 2512 685 2566 soporatam
722 2511 770 2551 et
808 2502 1068 2552 medicatis
1105 2502 1326 2566 frugibus
1363 2504 1512 2551 offam
1813 2521 1897 2561 420

220 2583 386 2632 obicit.
462 2584 544 2633 ille
581 2586 712 2633 fame
748 2584 922 2634 rabida
958 2584 1049 2633 tria
1083 2593 1280 2648 guttura
1317 2585 1542 2646 pandens

219 2665 418 2728 corripit
455 2665 718 2726 obiectam,
757 2675 908 2729 atque
945 2665 1183 2715 immania
1218 2674 1352 2727 terga
1387 2662 1587 2724 resolvit

218 2749 355 2795 fusus
392 2747 532 2795 humi
569 2757 777 2811 totoque
813 2747 987 2810 ingens
1025 2746 1304 2796 extenditur
1339 2755 1495 2795 antro.

218 2838 430 2891 occupat
465 2832 664 2878 Aeneas
700 2829 891 2878 aditum
930 2832 1137 2878 custode
1174 2830 1368 2892 sepulto

207 2909 485 2972 evaditque
523 2913 653 2959 celer
688 2910 845 2973 ripam
882 2910 1216 2960 inremeabilis
1254 2911 1432 2958 undae.
1811 2927 1892 2969 425

245 3044 437 3082 393-423
459 3033 624 3072 FMPR
637 3048 648 3083 ;
680 3047 773 3084 424,
799 3046 879 3083 425
901 3033 1033 3071 MPR
1155 3046 1238 3082 420
1258 3037 1500 3083 saporatam
1522 3031 1730 3071 delenbres
1743 3031 1871 3084 pauci
