2014 3372
254 173 306 220 P.
346 172 647 221 VERGILI
686 172 1012 220 MARONIS

253 311 486 372 tunditur,
527 321 577 361 et
612 328 795 375 magno
831 310 1069 375 persentit
1104 321 1305 375 pectore
1339 329 1516 374 curas3

252 410 394 443 mens
430 393 639 442 immota
681 402 863 453 manet,
902 393 1134 443 lacrimae
1168 396 1432 443 volvuntur
1467 393 1652 443 inanes.

319 477 452 523 Tum
488 492 604 524 vero
639 474 808 523 infelix
844 475 955 524 fatis
991 475 1216 525 exterrita
1254 475 1389 524 Dido
1849 494 1930 535 450

252 566 463 605 mortem
500 566 639 618 orat,-
677 558 844 605 taedet
881 556 1004 606 caeli
1041 574 1261 606 convexa
1296 557 1433 606 tueri.

252 654 354 700 quo
391 637 546 701 magis
583 638 839 702 inceptum
875 648 1075 701 peragat
1111 640 1375 702 lucemque
1409 638 1669 702 relinquat,

250 717 388 778 vidit,
427 718 700 768 turicremis
738 736 853 768 cum
890 721 1025 768 dona
1060 718 1338 782 imponeret
1372 719 1466 769 aris

253 799 579 866 (horrendum
616 799 791 865 dictu),
830 800 1001 849 latices
1037 800 1312 864 nigrescere
1348 818 1514 850 sacros

250 883 460 946 fusaque
496 882 547 930 in
585 883 862 931 obscenum
899 899 952 932 se
987 892 1175 932 vertere
1210 883 1324 931 vina
1359 900 1599 932 cruorem.
1846 902 1928 943 455

250 965 347 1013 hoc
383 964 544 1013 visum
582 963 718 1025 nulli,
758 982 861 1014 non
898 964 992 1029 ipsi
1029 967 1174 1014 effata
1210 964 1377 1014 sorori.

250 1054 502 1107 praeterea
536 1044 628 1093 fuit
663 1044 716 1092 in
752 1045 894 1094 tectis
932 1047 995 1094 de
1032 1063 1276 1095 marmore
1312 1048 1554 1110 templum

251 1126 474 1189 coniugis
509 1126 715 1190 antiqui,
757 1126 882 1176 miro
919 1129 1057 1190 quod
1093 1129 1282 1177 honore
1319 1128 1527 1187 colebat,

250 1207 511 1256 velleribus
549 1208 705 1257 niveis
742 1217 791 1256 et
827 1210 952 1256 festa
988 1210 1165 1257 fronde
1200 1208 1503 1257 revinctum:

250 1287 367 1337 hinc
404 1288 624 1338 exaudiri
658 1306 808 1338 voces
845 1298 894 1338 et
929 1290 1078 1338 verba
1113 1289 1335 1339 vocantis
1847 1295 1931 1350 460

249 1369 353 1418 visa
387 1369 488 1431 viri,
529 1388 629 1419 nox
664 1388 780 1419 cum
817 1379 967 1419 terras
1004 1371 1215 1419 obscura
1250 1380 1450 1430 teneret,

251 1453 455 1515 solaque
491 1451 794 1500 culminibus
831 1451 968 1500 ferali
1005 1452 1222 1501 carmine
1259 1452 1396 1501 bubo

251 1550 399 1597 saepe
436 1533 575 1597 queri
612 1542 661 1582 et
697 1535 871 1596 longas
907 1533 959 1582 in
995 1535 1165 1582 fletum
1205 1535 1387 1583 ducere
1420 1550 1569 1583 voces
1588 1552 1603 1596 3

250 1617 508 1677 multaque
544 1624 797 1678 praeterea
831 1623 1001 1663 vatum
1037 1614 1292 1678 praedicta
1327 1613 1545 1678 priorum

250 1696 454 1746 terribili
490 1696 685 1746 monitu
722 1695 1020 1746 horrificant.
1093 1696 1193 1760 agit
1229 1695 1335 1760 ipse
1371 1698 1615 1745 furentem
1844 1702 1927 1758 465

249 1777 302 1826 in
339 1778 528 1827 somnis
564 1780 694 1828 ferus
730 1781 943 1838 Aeneas,
982 1794 1276 1841 semperque
1311 1776 1523 1840 relinqui

250 1862 357 1909 sola
392 1860 500 1920 sibi,
539 1877 734 1923 semper
769 1862 970 1923 longam
1005 1859 1295 1908 incomitata
1330 1859 1523 1909 videtur

249 1941 321 1991 ire
356 1942 488 1990 viam
525 1950 575 1990 et
610 1941 787 2004 Tyrios
824 1944 1018 1991 deserta
1055 1958 1289 2005 quaerere
1324 1950 1463 2002 terra,

253 2023 596 2073 Eumenidum
631 2022 785 2071 veluti
820 2024 1029 2071 demens
1065 2021 1201 2071 videt
1236 2021 1434 2085 agmina
1470 2023 1723 2071 Pentheus

250 2114 299 2153 et
336 2107 494 2154 solem
529 2104 786 2168 geminum
822 2114 871 2153 et
907 2104 1131 2167 duplices
1169 2121 1222 2153 se
1257 2105 1520 2153 ostendere
1554 2103 1771 2162 Thebas,
1844 2117 1927 2163 470

249 2195 335 2234 aut
371 2187 801 2250 Agamemnonius
838 2185 1029 2235 scaenis
1065 2186 1275 2250 agitatus
1312 2187 1528 2244 Orestes,

247 2277 489 2317 armatam
525 2267 717 2317 facibus
753 2277 963 2316 matrem
999 2276 1048 2316 et
1085 2266 1395 2330 serpentibus
1431 2265 1547 2315 atris

248 2365 365 2398 cum
401 2348 525 2413 fugit
561 2349 860 2412 ultricesque
897 2350 1072 2397 sedent
1108 2348 1159 2397 in
1196 2348 1365 2397 limine
1404 2347 1567 2396 Dirae.

318 2433 450 2495 Ergo
487 2430 574 2480 ubi
610 2429 842 2493 concepit
877 2430 1026 2479 furias
1062 2429 1220 2478 evicta
1256 2431 1428 2478 dolore

248 2512 569 2576 decrevitque
607 2512 745 2572 mori,
786 2521 984 2575 tempus
1021 2528 1191 2560 secum
1228 2510 1336 2574 ipsa
1371 2512 1682 2573 modumque
1841 2526 1922 2571 475

247 2594 408 2657 exigit,
449 2602 499 2642 et
534 2602 775 2642 maestam
813 2592 957 2641 dictis
993 2595 1226 2656 adgressa
1261 2609 1481 2641 sororem

234 2674 512 2727 consilium
546 2675 686 2722 vultu
721 2673 840 2736 tegit
875 2690 935 2721 ac
971 2690 1111 2736 spem
1147 2675 1307 2721 fronte
1343 2681 1565 2721 serenat:

250 2756 458 2817 ‘inveni,
497 2773 742 2820 germana,
782 2754 914 2803 viam
953 2754 1160 2820 (gratare
1196 2754 1371 2819 sorori)

302 2888 493 2937 448—478
513 2886 640 2925 FMP
829 2896 910 2935 450
940 2885 1129 2924 exercita
1150 2882 1381 2923 Markland
1533 2885 1616 2933 456
1643 2882 1780 2922 sorori
1801 2888 1866 2922 est
1885 2882 1929 2922 F

246 2944 326 2992 462
348 2941 545 2992 solaque]
567 2953 749 2990 seraque
769 2940 935 2979 Nonius
1099 2941 1179 2989 464
1200 2940 1367 2989 piorum
1383 2937 1437 2976 M
1448 2939 1631 2989 agnoscit
1641 2936 1757 2977 Serv.
1774 2937 1922 2988 probat

245 2997 416 3035 Ribbeck
572 2997 652 3044 468
683 2995 859 3046 Tyrios]
881 2995 1072 3034 Teucros
1090 2993 1295 3034 Schrader
1444 3005 1520 3043 471
1555 2989 1739 3042 scaenis]
1763 2991 1918 3031 Poenis

245 3049 478 3091 Markland
638 3062 718 3099 473
740 3050 860 3088 divae
880 3049 1022 3100 F1P71
1189 3049 1270 3097 476
1300 3060 1347 3086 ac
1371 3044 1425 3084 M
