2020 3372
239 171 292 217 P.
333 170 632 218 VERGILI
671 169 997 218 MARONIS

308 310 567 356 Praeterea
603 316 704 356 tarn
741 316 856 355 sunt
892 306 1089 356 Arcturi
1125 307 1285 356 sidera
1321 307 1465 358 nobis
1741 372 1744 374 -

239 391 638 453 Haedorumque
676 389 782 438 dies
819 388 1047 438 servandi
1084 398 1132 438 et
1167 389 1361 438 lucidus
1398 390 1603 454 Anguis,
1838 413 1913 454 205

237 487 388 533 quam
427 471 607 534 quibus
645 469 696 518 in
733 470 942 534 patriam
979 479 1185 519 ventosa
1221 488 1307 534 per
1343 488 1558 535 aequora
1594 471 1746 521 vectis

237 553 427 600 Pontus
465 561 514 600 et
551 551 759 601 ostriferi
797 554 963 600 fauces
1001 561 1305 615 temptantur
1338 552 1518 615 Abydi.

237 631 386 681 Libra
422 633 503 682 die
540 632 803 697 somnique
842 649 982 696 pares
1020 633 1107 682 ubi
1144 633 1311 681 fecerit
1348 635 1492 682 horas

236 722 284 762 et
321 714 543 763 medium
580 714 679 762 luci
716 721 866 777 atque
905 714 1091 763 umbris
1130 714 1228 762 iam
1267 714 1441 763 dividit
1477 715 1663 774 orbem,

235 805 470 855 exercete,
507 795 608 855 viri,
650 805 829 855 tauros,
872 796 1016 844 serite
1055 797 1243 844 hordea
1280 795 1482 860 campis,
1837 817 1916 846 210

233 893 392 939 usque
429 877 520 925 sub
558 885 832 925 extremum
870 877 1077 925 brumae
1115 876 1434 926 intractabilis
1471 877 1680 927 imbrem
1698 897 1716 938 ;

234 974 326 1006 nec
363 975 466 1006 non
503 967 551 1006 et
586 957 674 1006 lini
711 967 929 1022 segetem
967 968 1015 1006 et
1054 959 1259 1008 Cereale
1295 975 1510 1022 papaver

234 1049 429 1102 tempus
467 1041 622 1087 humo
660 1048 823 1102 tegere
861 1048 910 1087 et
947 1039 1243 1088 iamdudum
1280 1038 1568 1088 incumbere
1604 1038 1786 1099 aratris,

234 1123 355 1171 dum
393 1121 524 1169 sicca
561 1123 733 1170 tellure
770 1121 897 1182 licet,
940 1122 1061 1169 dum
1100 1120 1271 1170 nubila
1306 1122 1541 1184 pendent.

232 1219 344 1251 vere
381 1202 506 1251 fabis
545 1203 668 1251 satio
687 1221 700 1263 3
742 1212 849 1251 tum
886 1212 935 1251 te
973 1219 1188 1265 quoque,
1230 1202 1438 1268 medica,
1476 1211 1643 1266 putres
1835 1220 1911 1262 215

232 1283 481 1347 accipiunt
520 1283 642 1332 sulci
679 1292 727 1332 et
765 1283 902 1332 milio
939 1283 1074 1332 venit
1111 1301 1277 1332 annua
1314 1300 1442 1343 cura,

233 1365 476 1415 candidus
514 1365 693 1414 auratis
730 1365 887 1429 aperit
925 1382 1039 1413 cum
1079 1365 1310 1414 cornibus
1347 1382 1535 1413 annum

232 1450 425 1497 Taurus
464 1457 512 1496 et
548 1464 719 1496 averso
758 1449 941 1497 cedens
982 1447 1134 1497 Canis
1173 1447 1357 1496 occidit
1392 1456 1535 1496 astro.

231 1538 280 1577 at
317 1528 357 1577 si
394 1529 634 1578 triticeam
674 1531 724 1576 in
762 1545 975 1577 messem
1014 1529 1316 1592 robustaque
1352 1531 1476 1577 farra

232 1610 481 1660 exercebis
518 1612 728 1659 humum
767 1610 984 1673 solisque
1022 1610 1228 1659 instabis
1264 1610 1436 1670 aristis,
1835 1630 1915 1658 220

230 1701 345 1741 ante
382 1692 471 1741 tibi
509 1695 646 1741 ane
682 1691 962 1741 Atlantides
1001 1692 1373 1740 abscondantur

232 1774 521 1837 Gnosiaque
557 1773 774 1823 ardentis
813 1775 1025 1823 decedat
1063 1775 1203 1822 stella
1240 1775 1484 1832 Coronae,

231 1855 400 1905 debita
437 1873 587 1919 quam
625 1855 771 1904 sulcis
811 1855 1093 1904 committas
1133 1854 1323 1904 semina
1359 1871 1610 1918 quamque

230 1936 412 1986 invitae
449 1954 682 2001 properes
720 1936 838 1985 anni
877 1954 1017 1999 spem
1057 1938 1256 1986 credere
1292 1946 1460 1985 terrae.

231 2019 374 2067 multi
410 2028 525 2067 ante
563 2035 796 2067 occasum
837 2018 1004 2066 Maiae
1042 2034 1252 2080 coepere
1269 2036 1283 2078 3
1325 2019 1414 2066 sed
1449 2017 1559 2066 illos
1831 2035 1908 2077 225

231 2109 512 2164 exspectata
549 2117 687 2163 seges
725 2099 863 2148 vanis
903 2099 1053 2148 elusit
1084 2099 1265 2148 avenis.
1891 2104 1896 2107 ’

231 2181 271 2230 si
306 2198 422 2231 vero
458 2181 737 2244 viciamque
775 2197 905 2230 seres
944 2180 1193 2243 vilemque
1227 2182 1502 2243 phaselum,

231 2279 324 2311 nec
361 2261 645 2311 Pelusiacae
683 2278 850 2309 curam
888 2261 1215 2324 aspernabere
1251 2260 1409 2320 lentis,

229 2345 365 2392 haud
402 2344 612 2392 obscura
649 2344 832 2392 cadens
872 2342 1034 2391 mittet
1073 2342 1163 2391 tibi
1199 2341 1338 2404 signa
1374 2345 1588 2391 Bootes:

229 2425 394 2488 incipe
430 2435 478 2474 et
513 2427 578 2474 ad
615 2425 804 2474 medias
844 2434 1119 2474 sementem
1157 2426 1368 2473 extende
1403 2424 1616 2487 pruinas.
1829 2427 1908 2481 230

300 2507 495 2556 Idcirco
532 2507 675 2556 certis
713 2507 996 2556 dimensum
1034 2506 1255 2570 partibus
1292 2507 1466 2555 orbem

230 2605 316 2652 per
352 2590 587 2638 duodena
622 2589 743 2652 regit
781 2589 956 2638 mundi
994 2590 1068 2638 sol
1103 2605 1280 2637 aureus
1316 2597 1456 2636 astra.

284 2735 473 2772 204-232
496 2723 672 2762 AMPR
908 2724 988 2762 208
1010 2724 1078 2761 die
1100 2721 1198 2760 AM
1206 2721 1288 2771 ¹P7
1302 2719 1599 2771 grammatici:
1630 2719 1723 2758 dies
1743 2718 1788 2758 in
1808 2717 1906 2771 libro

230 2776 469 2828 idiographo
506 2777 668 2829 Vergilii
695 2779 844 2818 stetisse
875 2782 1077 2817 testantur
1104 2775 1308 2827 anonymi
1333 2774 1450 2824 apud
1469 2773 1527 2813 A.
1555 2771 1731 2812 Gellium
1753 2772 1808 2811 ix.
1837 2784 1899 2822 14.

230 2831 342 2882 quod
357 2837 393 2871 et
411 2833 453 2870 in
469 2848 496 2870 π
513 2833 634 2884 legere
653 2834 731 2872 sibi
747 2833 910 2873 videtur
927 2833 1098 2872 Kvic'ala
1116 2846 1123 2870 :
1158 2832 1242 2870 diei
1264 2830 1314 2868 M
1322 2829 1382 2868 2R
1535 2841 1615 2877 209
1635 2827 1793 2866 dividet
1806 2825 1900 2876 R7h

230 2900 310 2937 213
340 2889 513 2927 arastris
534 2886 589 2925 M
592 2889 605 2909 ²
623 2902 631 2926 :
664 2889 812 2927 rastris
828 2887 982 2927 AP²R
1096 2888 1176 2925 218
1206 2897 1357 2925 averso
1371 2881 1744 2933 APR7bcProbus
1758 2879 1900 2920 Semm

230 2942 411 2981 adverso
440 2941 494 2980 M
507 2943 624 2982 schol.
654 2942 792 2991 Rern„
821 2943 1004 2993 agnoscit
1022 2941 1137 2981 Serv.
1335 2941 1416 2978 226
1446 2937 1592 2977 avenis
1611 2935 1727 2985 P7bc
1741 2934 1902 2974 Probus

229 2996 350 3036 schol.
375 2998 497 3038 Bern.
518 3011 526 3036 :
559 2998 703 3037 aristis
723 2997 860 3036 AMR
883 2997 1190 3037 Canonicianus
1209 2995 1374 3034 Nonius
1499 3005 1580 3042 229
1609 2990 1736 3030 mittit
1753 2987 1854 3028 AM
