2014 3372
1393 156 1753 206 AENEIDOS
1796 157 1821 204 I

151 293 300 341 fertur
336 291 475 355 equis
511 304 755 355 curruque
790 294 959 342 haeret
995 293 1254 357 resupinus
1290 292 1438 353 inani,

150 375 253 422 lora
289 381 462 422 tenens
499 382 696 434 tamen3
744 373 861 422 huic
897 374 1157 438 cervixque
1194 392 1468 439 comaeque
1504 377 1764 425 trahuntur

150 471 236 517 per
271 463 460 513 terram,
501 447 551 503 et
585 471 723 503 versa
758 454 918 518 pulvis
955 455 1236 505 inscribitur
1271 458 1423 506 hasta.
1536 464 1538 466 ’

149 535 335 584 interea
369 537 434 584 ad
470 538 712 599 templum
748 553 852 586 non
887 553 1076 600 aequae
1114 538 1327 587 Palladis
1362 538 1502 587 ibant

149 615 366 665 crinibus
405 616 587 666 Iliades
623 616 779 681 passis
817 620 1121 682 peplumque
1157 619 1381 668 ferebant
1738 630 1819 680 480

149 697 445 761 suppliciter,
486 698 645 748 tristes
683 709 732 748 et
768 709 942 749 tunsae
978 709 1179 764 pectora
1214 700 1422 764 palmis;

148 778 261 828 diva
296 781 404 828 solo
440 781 563 829 fixos
599 783 772 830 oculos
808 798 978 830 aversa
1014 782 1227 831 tenebat.

147 869 219 926 ter
255 859 441 909 circum
480 860 658 910 Iliacos
697 871 970 926 raptaverat
1007 865 1230 913 Hectora
1265 881 1432 914 muros

147 942 530 1007 exanimumque
566 961 686 994 auro
724 962 902 1009 corpus
938 947 1189 995 vendebat
1224 948 1458 996 Achilles.

146 1035 253 1074 tum
288 1042 404 1075 vero
441 1026 692 1089 ingentem
728 1026 968 1090 gemitum
1004 1029 1090 1076 dat
1126 1037 1326 1091 pectore
1361 1029 1426 1077 ab
1462 1028 1578 1087 imo,
1736 1037 1817 1089 485

146 1115 201 1154 ut
236 1106 404 1170 spolia,
446 1116 499 1155 ut
537 1124 718 1166 currus,
760 1117 914 1171 utque
949 1107 1114 1171 ipsum
1149 1125 1328 1171 corpus
1364 1108 1512 1158 amici

146 1189 536 1251 tendentemque
574 1205 751 1237 manus
789 1188 1040 1237 Priamum
1076 1189 1333 1253 conspexit
1368 1188 1582 1238 inermis.

146 1284 199 1317 se
235 1284 436 1331 quoque
471 1268 776 1332 principibus
813 1268 1109 1332 permixtum
1144 1269 1343 1332 agnovit
1378 1269 1596 1328 Achivis,

147 1351 380 1413 ansque
415 1349 545 1398 acies
584 1359 633 1398 et
668 1349 792 1413 nigri
831 1350 1119 1399 Memnonis
1154 1368 1302 1399 arma.

145 1430 283 1479 ducit
318 1430 685 1481 Amazonidum
721 1431 902 1480 lunatis
937 1431 1135 1494 agmina
1168 1431 1313 1495 peltis
1736 1453 1818 1493 490

147 1512 460 1561 Penthesilea
495 1514 660 1562 furens
698 1512 975 1576 mediisque
1011 1512 1062 1561 in
1099 1513 1297 1562 milibus
1333 1514 1485 1572 ardet,

144 1595 292 1642 aurea
327 1594 627 1642 subnectens
664 1603 882 1642 exsertae
918 1593 1114 1656 cingula
1149 1610 1396 1643 mammae

146 1675 379 1734 bellatrix,
420 1677 671 1738 audetque
708 1674 821 1723 viris
857 1690 1149 1723 concurrere
1183 1674 1332 1738 virgo.

214 1759 358 1806 Haec
394 1758 516 1806 dum
556 1756 811 1806 Dardanio
846 1758 1049 1805 Aeneae
1085 1756 1310 1805 miranda
1344 1755 1586 1815 videntur,

145 1839 266 1887 dum
303 1848 467 1903 stupet
505 1840 783 1901 obtutuque
818 1839 987 1886 haeret
1022 1838 1212 1887 defixus
1248 1837 1299 1885 in
1336 1854 1451 1896 uno,
1735 1859 1812 1899 495

144 1919 311 1982 regina
345 1922 410 1969 ad
446 1921 700 1983 templum,
741 1921 899 1968 forma
933 1918 1263 1982 pulcherrima
1299 1917 1448 1976 Dido,

145 2000 344 2050 incessit
380 2018 558 2065 magna
594 2002 830 2050 iuvenum
865 2000 1078 2063 stipante
1114 2009 1319 2048 caterva.

145 2084 302 2147 qualis
338 2084 390 2132 in
428 2087 644 2133 Eurotae
680 2083 796 2147 ripis
832 2093 918 2131 aut
952 2099 1039 2145 per
1074 2082 1187 2145 iuga
1223 2081 1408 2144 Cynthi

144 2174 336 2215 exercet
374 2166 537 2215 Diana
573 2167 764 2225 choros,
805 2181 955 2228 quam
992 2163 1126 2212 mille
1162 2173 1361 2212 secutae

143 2247 260 2297 hinc
294 2257 445 2312 atque
480 2248 597 2297 hinc
632 2250 965 2312 glomerantur
1001 2247 1253 2306 Oreades;
1299 2245 1382 2294 illa
1417 2247 1696 2308 pharetram
1735 2265 1814 2306 500

143 2330 235 2377 fert
270 2347 441 2378 umero
477 2329 805 2393 gradiensque
842 2331 960 2378 deas
998 2326 1330 2390 supereminet
1366 2326 1528 2375 omnis

145 2411 389 2475 (Latonae
426 2411 629 2462 tacitum
666 2419 999 2474 pertemptant
1033 2409 1214 2473 gaudia
1248 2406 1473 2471 pectus):

143 2490 251 2539 talis
287 2501 389 2541 erat
427 2491 575 2550 Dido,
615 2494 764 2540 talem
801 2509 853 2541 se
888 2493 1017 2539 laeta
1052 2490 1239 2539 ferebat

143 2589 230 2635 per
265 2573 457 2623 medios
494 2573 682 2622 instans
720 2572 859 2636 operi
896 2572 1158 2636 ‘regnisque
1193 2571 1379 2620 futuris.

144 2663 250 2701 tum
285 2654 471 2704 foribus
509 2654 664 2713 divae,
705 2654 871 2704 media
908 2654 1157 2703 testudine
1193 2652 1377 2717 templi,
1732 2671 1808 2711 505

128 2744 312 2805 *saepta
346 2735 494 2783 armis
530 2735 753 2798 solioque
788 2737 885 2784 alte
921 2734 1129 2783 subnixa
1164 2734 1357 2783 resedit.

131 2908 134 2910 ,
199 2865 389 2914 476-506
401 2861 567 2902 FMPR
750 2865 831 2913 488
851 2864 1043 2913 agnoscit
1058 2862 1167 2911 FRc,
1185 2862 1333 2914 probat
1346 2861 1513 2912 Bentley
1624 2871 1700 2909 501
1730 2859 1811 2897 dea

147 2918 197 2956 M
201 2917 298 2956 ¹PR
325 2917 469 2967 Hemy
688 2929 767 2967 505
798 2918 1108 2956 mediaemedia'
1125 2916 1211 2955 Pl:
1244 2915 1352 2955 unde
1376 2915 1516 2961 media
1538 2927 1575 2965 e,
1601 2918 1648 2951 ut
1666 2913 1810 2971 media

147 2972 429 3011 nominativus
446 2973 511 3022 sit,
536 2972 706 3010 Ribbeck
