2014 3372
1323 172 1685 223 AENEIDOS
1721 173 1798 221 VI

131 330 259 362 unus
296 312 382 376 qui
418 311 563 362 nobis
600 312 885 360 cunctando
921 310 1134 360 restituis
1170 322 1308 360 rem.v

131 397 378 445 excudent
413 395 495 444 alii
531 394 764 458 spirantia
800 394 997 444 mollius
1033 403 1158 445 aera

132 477 302 543 (credo
336 476 609 541 equidem),
647 475 783 525 vivos
820 477 1006 525 ducent
1041 477 1106 525 de
1142 491 1386 524 marmore
1421 476 1597 535 vultus,

130 558 343 607 orabunt
378 574 550 606 causas
588 556 777 617 melius,
817 556 1039 620 caelique
1075 566 1267 605 meatus

130 638 412 689 describent
448 637 586 687 radio
622 647 671 687 et
707 637 953 700 surgentia
988 637 1147 686 sidera
1180 637 1376 686 dicent:
1720 645 1800 695 850

130 729 184 769 tu
220 737 386 783 regere
421 719 629 782 imperio
665 721 893 782 populos,
934 721 1177 779 Romane,
1217 727 1471 768 memento

132 800 247 866 (hae
283 800 373 849 tibi
409 810 551 849 erunt
586 799 749 864 artes),
789 799 1025 863 pacisque
1061 800 1319 864 imponere
1355 817 1558 860 morem,

130 880 328 946 parcere
365 882 597 931 subiectis
634 890 683 931 et
719 882 968 931 debellare
1004 883 1274 945 superbos.'

198 964 279 1013 Sic
314 973 452 1027 pater
487 963 732 1013 Anchises
768 973 917 1027 atque
953 965 1076 1014 haec
1113 964 1404 1013 mirantibus
1440 964 1612 1015 addit:

134 1046 341 1108 ‘aspice,
382 1054 436 1094 ut
472 1045 675 1108 insignis
713 1045 881 1109 spoliis
921 1048 1187 1095 Marcellus
1223 1046 1403 1109 opimis
1718 1055 1797 1105 855

130 1125 400 1189 ingreditur
434 1125 688 1189 victorque
724 1126 852 1175 viros
891 1127 1223 1190 supereminet
1259 1126 1434 1176 omnis.

130 1207 212 1256 hic
247 1225 351 1256 rem
389 1210 673 1256 Romanam
711 1225 892 1271 magno
932 1209 1161 1257 turbante
1197 1211 1413 1257 tumultu

131 1287 282 1348 sistet,
322 1305 473 1352 eques
510 1298 692 1338 sternet
730 1292 928 1338 Poenos
965 1291 1265 1353 Gallumque
1301 1290 1549 1350 rebellem,

130 1370 370 1433 tertiaque
406 1388 541 1419 arma
577 1370 702 1434 patri
739 1373 1009 1441 suspendet
1046 1381 1190 1435 capta
1227 1371 1468 1433 Quirino.’

128 1461 279 1515 atque
314 1451 396 1500 hic
430 1454 626 1501 Aeneas
666 1452 786 1517 (una
821 1469 1038 1516 namque
1074 1452 1142 1502 ire
1178 1452 1379 1502 videbat
1720 1460 1800 1501 860

130 1532 378 1596 egregium
414 1535 571 1582 forma
606 1533 836 1583 iuvenem
874 1543 923 1583 et
957 1533 1258 1597 fulgentibus
1294 1534 1456 1594 armis,

129 1615 218 1662 sed
253 1616 387 1663 frons
422 1608 759 1679 laeta‘parum
796 1624 845 1664 et
881 1615 1077 1664 deiecto
1113 1614 1301 1663 lumina
1335 1613 1495 1679 vultu)

134 1695 283 1758 ‘quis,
321 1705 472 1760 pater,
512 1696 608 1756 ille,
647 1696 805 1744 virum
843 1696 928 1760 qui
964 1696 1034 1745 sic
1071 1695 1333 1745 comitatur
1368 1698 1610 1745 euntem?

128 1776 270 1837 filius,
308 1795 438 1826 anne
473 1778 649 1841 aliquis
687 1795 865 1842 magna
901 1779 964 1826 de
1000 1777 1148 1841 stirpe
1184 1780 1464 1841 nepotum?

128 1857 214 1921 qui
250 1858 478 1922 strepitus
515 1858 644 1908 circa
681 1859 950 1908 comitum!
993 1868 1235 1922 quantum
1270 1858 1422 1906 instar
1456 1858 1508 1906 in
1544 1857 1682 1921 ipso!
1720 1865 1797 1917 865

128 1941 217 1989 sed
252 1958 351 1990 nox
385 1951 489 1990 atra
524 1950 674 2004 caput
711 1940 833 1989 tristi
870 1940 1190 1989 circumvolat
1224 1940 1430 1988 umbra.'

127 2032 233 2071 tum
269 2033 407 2086 pater
442 2023 686 2072 Anchises
723 2022 934 2071 lacrimis
971 2021 1216 2084 ingressus
1253 2020 1471 2069 obortis:

132 2107 189 2152 ‘o
225 2114 352 2164 nate,
391 2104 642 2167 ingentem
679 2105 868 2151 luctum
904 2119 967 2151 ne
1004 2119 1184 2165 quaere
1220 2111 1418 2150 tuorum
1435 2119 1449 2161 3

127 2187 392 2234 ostendent
428 2186 563 2234 terris
601 2187 734 2234 hunc
771 2193 964 2232 tantum
1000 2185 1098 2231 fata
1134 2200 1297 2246 neque
1333 2185 1458 2231 ultra

128 2282 234 2314 esse
270 2266 444 2315 sinent.
519 2266 729 2315 nimium
767 2264 907 2314 vobis
946 2266 1176 2313 Romana
1212 2280 1431 2327 propago
1717 2273 1797 2324 870

126 2345 229 2394 visa
264 2357 453 2410 potens,
494 2347 671 2411 superi,
711 2347 906 2411 propria
944 2347 1068 2393 haec
1104 2345 1144 2393 si
1180 2346 1314 2393 dona
1349 2344 1567 2393 fuissent.

126 2436 339 2489 quantos
375 2428 456 2476 ille
491 2428 649 2476 virum
686 2445 917 2492 magnam
957 2425 1194 2475 Mavortis
1230 2427 1295 2474 ad
1331 2426 1504 2475 urbem

126 2524 330 2571 campus
365 2518 476 2572 aget
510 2508 754 2571 gemitus!
791 2511 868 2557 vel
905 2525 1045 2571 quae,
1085 2505 1333 2565 Tiberine,
1371 2505 1563 2555 videbis

126 2591 309 2649 funera,
348 2607 463 2638 cum
499 2593 745 2639 tumulum
782 2590 1141 2653 praeterlabere
1177 2591 1456 2637 recentem!

126 2686 219 2718 nec
254 2687 376 2732 puer
413 2672 564 2720 Iliaca
600 2672 861 2741 quisquam
899 2674 963 2721 de
999 2681 1145 2734 gente
1182 2669 1386 2718 Latinos
1623 2664 1625 2666 ’
1716 2679 1794 2730 875

180 2799 370 2848 846-857
392 2797 549 2847 MPR3
587 2800 776 2848 858-872
797 2799 983 2844 FMPR;
1016 2802 1206 2850 873—875
1229 2799 1358 2838 MPR
1487 2798 1568 2847 846
1596 2798 1798 2837 restitues

126 2852 242 2891 Rb¹cl
265 2853 417 2904 probat
442 2853 606 2902 Bentley
825 2855 906 2903 848
937 2855 1043 2893 cedo
1075 2854 1193 2905 P172‚
1232 2854 1338 2893 idem
1377 2852 1536 2892 coniecit
1572 2852 1799 2891 Markland

126 2907 205 2954 852
233 2907 350 2956 pacis
368 2907 412 2945 π2
434 2906 707 2946 Mentelz'anus
725 2907 776 2945 II
791 2907 995 2946 deteriores
1015 2909 1187 2958 quidam
1202 2908 1317 2948 Serv.
1336 2922 1344 2948 ε
1387 2907 1481 2957 paci
1512 2908 1630 2957 ceteri,
1650 2908 1798 2958 probat

125 2959 293 3010 Bentley
401 2963 482 3011 859
503 2968 623 3013 rapta
643 2962 872 3001 Markland
978 2964 1058 3001 862
1083 2963 1261 3016 lumina]
1284 2963 1425 3002 nubila
1438 2960 1604 3010 Bentley
1714 2963 1794 3011 865

126 3014 221 3062 quis
239 3014 476 3066 F²MR7²⁷1²
