2014 3372
493 690 560 756 Ρ.
613 690 1014 756 VERGILI
1083 689 1534 755 MARONIS

485 809 488 811 ’
647 857 1367 932 GEORGICON

848 1041 1065 1087 LIBER
1102 1041 1178 1086 IV

177 1197 451 1243 PROTIst
487 1193 604 1242 aerii
640 1193 800 1242 mellis
837 1193 1068 1242 caelestia
1103 1195 1237 1243 dona

174 1291 442 1338 exsequar:
486 1276 615 1323 hanc
652 1274 818 1334 etiam,
853 1276 1136 1333 Maecenas,
1174 1273 1342 1336 aspice
1377 1281 1581 1336 partem.

173 1355 466 1405 admiranda
503 1355 593 1404 tibi
629 1355 812 1404 levium
850 1357 1132 1418 spectacula
1167 1372 1329 1403 rerum

175 1437 619 1501 magnanimosque
658 1440 811 1487 duces
849 1437 1102 1502 totiusque
1138 1437 1312 1487 ordine
1346 1437 1507 1502 gentis

175 1537 336 1569 mores
373 1530 422 1569 et
458 1519 622 1569 studia
659 1529 708 1568 et
746 1521 959 1583 populos
996 1530 1044 1568 et
1080 1519 1265 1583 proelia
1302 1519 1480 1569 dicam.
1829 1538 1850 1577 5

175 1600 225 1648 in
262 1601 399 1650 tenui
434 1602 574 1650 labor
590 1620 603 1662 3
647 1610 697 1649 at
736 1601 898 1650 tenuis
936 1619 1039 1650 non
1075 1601 1241 1664 gloria,
1281 1601 1322 1650 si
1357 1618 1507 1664 quem

175 1683 381 1732 numina
416 1686 555 1733 laeva
592 1683 759 1732 sinunt
805 1683 1043 1747 auditque
1078 1692 1283 1732 vocatus
1319 1683 1518 1745 Apollo.

243 1764 493 1829 Principio
530 1768 673 1815 sedes
716 1765 893 1829 apibus
934 1764 1180 1828 statioque
1215 1765 1445 1827 petenda,

175 1863 276 1908 quo
313 1863 476 1909 neque
513 1846 574 1895 sit
610 1847 768 1896 ventis
800 1845 974 1896 vaditus
1012 1845 1148 1910 (nam
1186 1845 1370 1908 pabula
1404 1843 1539 1893 venti

174 1930 298 1977 ferre
323 1930 531 1977 domum
557 1928 845 1993 prohibent)
862 1919 1034 1991 'neque
1060 1943 1177 1976 oves
1202 1925 1450 1989 haedique
1475 1923 1659 1989 petulci
1806 1943 1855 1971 10

175 2009 378 2058 floribus
415 2009 665 2069 insultent,
706 2019 790 2058 aut
828 2025 992 2058 errans
1029 2008 1211 2056 bucula
1246 2023 1425 2068 campo

176 2090 395 2139 decutiat
431 2107 591 2139 rorem
628 2099 677 2138 et
716 2088 957 2152 surgentis
993 2097 1168 2136 atterat
1204 2088 1395 2135 herbas.

175 2170 340 2219 absint
376 2180 424 2219 et
459 2170 579 2234 picti
616 2169 893 2233 squalentia
928 2178 1062 2232 terga
1095 2167 1264 2217 lacerti

177 2252 442 2315 pinguibus
479 2269 508 2300 a
544 2251 763 2311 stabulis,
803 2267 1131 2314 meropesque
1166 2250 1390 2313 aliaeque
1426 2250 1650 2298 volucres

178 2343 226 2382 et
262 2333 492 2382 manibus
531 2336 723 2382 Procne
759 2342 933 2397 pectus
971 2332 1160 2395 signata
1195 2331 1410 2380 cruentis
1428 2350 1442 2391 3
1804 2349 1851 2389 15

179 2415 348 2464 omnia
384 2432 500 2464 nam
536 2417 634 2464 late
670 2424 863 2464 vastant
899 2414 1132 2477 ipsasque
1166 2413 1378 2462 volantis

179 2514 263 2545 ore
298 2499 461 2545 ferunt
497 2499 696 2546 dulcem
734 2496 864 2545 nidis
901 2492 1176 2544 immitibus
1208 2511 1391 2544 escam.

179 2587 228 2626 at
264 2578 439 2641 liquidi
475 2580 636 2627 fontes
674 2588 722 2627 et
760 2587 933 2642 stagna
968 2576 1174 2626 virentia
1209 2593 1383 2625 musco

180 2658 344 2706 adsint
381 2668 429 2707 et
465 2659 625 2707 tenuis
662 2659 853 2723 fugiens
890 2675 976 2721 per
1011 2657 1231 2722 gramina
1266 2657 1410 2716 rivus,

181 2742 446 2803 palmaque
481 2740 781 2789 vestibulum
818 2750 902 2789 aut
936 2740 1109 2803 ingens
1146 2742 1362 2788 oleaster
1389 2738 1654 2798 inumbret,
1803 2757 1853 2785 20

183 2831 249 2881 ut,
289 2839 403 2871 cum
439 2822 597 2886 prima
633 2823 749 2872 novi
784 2825 969 2872 ducent
1005 2822 1231 2871 examina
1266 2837 1402 2883 reges

243 2967 342 2994 1-21
367 2953 498 2992 MPR
742 2968 786 2993 11
812 2955 946 3004 campi
961 2954 1004 2992 P
1134 2966 1181 3003 15
1204 2953 1416 3004 manibus]
1439 2952 1614 2991 maculis
1627 2951 1857 2991 Markland

187 3021 240 3047 20
256 3010 350 3061 aut]
371 3015 498 3059 atque
518 3009 558 3067 P
669 3010 892 3048 obumbret
910 3008 1004 3060 7²cn·
1115 3022 1164 3047 21
1198 3008 1318 3060 novi]
1340 3008 1407 3047 sui
1427 3007 1668 3057 Peerlkamp
