2014 3372
198 149 251 196 P.
297 146 595 195 VERGILI
634 144 960 194 MARONIS

198 291 398 336 Aeneas
435 288 646 335 classem
683 294 732 333 et
768 283 929 347 pelagi
965 291 1133 347 petere
1166 284 1267 331 alta
1302 281 1520 346 parabat,

199 368 307 432 ipsa
343 369 495 417 deum
530 369 683 415 fertur
717 364 937 430 genetrix
974 364 1266 428 Berecyntia
1302 381 1538 428 magnum

196 449 404 499 vocibus
441 448 517 498 his
553 449 721 497 adfata
758 450 963 496 Iovem:
1015 448 1123 506 ‘da,
1162 455 1290 506 nate,
1330 455 1532 510 petenti,

196 534 335 596 quod
373 542 457 581 tua
493 548 605 581 cara
640 547 818 594 parens
857 529 1049 579 domito
1086 538 1134 578 te
1169 527 1331 592 poscit
1368 529 1599 591 Olympo.

197 611 367 679 [pinea
403 613 524 662 silva
561 611 683 660 mihi
720 613 903 661 multos
941 611 1122 661 dilecta
1157 627 1244 674 per
1279 607 1476 676 annos,]
1822 619 1874 669 85

195 696 335 744 lucus
372 694 424 743 in
460 712 573 744 arce
609 694 700 742 fuit
737 711 945 754 summa,
985 710 1086 756 quo
1124 710 1261 742 sacra
1295 692 1533 752 ferebant,

197 775 409 840 nigranti
445 776 588 840 picea
624 775 948 839 trabibusque
984 776 1224 824 obscurus
1261 774 1481 824 acernis:

132 846 135 848 ‚
196 858 285 906 has
322 874 414 921 ego
454 856 712 907 Dardanio
749 857 928 917 iuveni,
968 874 1083 906 cum
1120 856 1288 906 classis
1326 866 1502 920 egeret,

192 940 323 988 laeta
359 938 478 988 dedi
495 957 509 1000 3
555 956 691 988 nunc
728 938 990 988 sollicitam
1027 938 1174 988 timor
1209 937 1382 986 anxius
1417 937 1566 1002 angit.

195 1022 332 1069 solve
369 1030 531 1069 metus
566 1030 718 1084 atque
754 1022 851 1070 hoc
887 1019 1117 1084 precibus
1154 1019 1260 1069 sine
1295 1037 1444 1085 posse
1478 1029 1737 1083 parentem
1819 1042 1874 1083 90

194 1118 258 1150 ne
296 1119 441 1150 cursu
478 1111 741 1165 quassatae
776 1104 878 1151 ullo
915 1120 1014 1151 neu
1051 1101 1247 1150 turbine
1283 1101 1417 1150 venti

193 1181 486 1232 vincantur:
535 1183 691 1246 prosit
727 1183 906 1233 nostris
942 1183 994 1232 in
1033 1183 1287 1233 montibus
1324 1185 1485 1232 ortas.'

195 1263 323 1314 filius
361 1264 478 1313 huie
515 1275 701 1326 contra,
742 1275 938 1330 torquet
975 1265 1061 1329 qui
1097 1265 1258 1315 sidera
1293 1265 1501 1314 mundi:

197 1349 256 1394 ‘o
291 1346 525 1409 genetrix,
565 1364 666 1410 quo
702 1350 803 1396 fata
837 1349 1023 1397 vocas?
1061 1357 1145 1396 aut
1181 1347 1304 1411 quid
1338 1346 1466 1410 petis
1501 1346 1648 1396 istis?

195 1423 456 1473 mortaline
494 1443 645 1474 manu
682 1428 841 1475 factae
877 1425 1157 1475 immortale
1194 1425 1388 1475 carinae
1815 1444 1868 1487 95

194 1507 266 1554 fas
304 1506 558 1555 habeant?
606 1517 869 1571 certusque
905 1507 1093 1557 incerta
1127 1507 1346 1571 pericula
1381 1510 1554 1557 lustret

193 1589 433 1636 Aeneas?
486 1587 566 1636 cui
603 1598 741 1637 tanta
776 1590 875 1638 deo
911 1589 1150 1653 permissa
1185 1592 1441 1653 potestas?

195 1667 364 1729 immo,
406 1668 493 1718 ubi
530 1671 796 1720 defunctae
833 1673 986 1720 finem
1022 1681 1295 1735 portusque
1332 1672 1576 1721 tenebunt

191 1750 447 1799 Ausonios
484 1751 618 1812 olim,
658 1769 1006 1817 quaecumque
1044 1752 1250 1802 evaserit
1286 1753 1434 1802 undis

194 1832 606 1896 Dardaniumque
643 1836 825 1883 ducem
863 1834 1129 1884 Laurentia
1164 1835 1348 1884 vexerit
1381 1853 1510 1896 arva,
1788 1860 1871 1889 100

193 1915 452 1963 mortalem
490 1913 695 1978 eripiam
731 1917 942 1964 formam
979 1916 1246 1980 magnique
1282 1916 1468 1969 iubebo

191 1995 419 2059 aequoris
458 2013 566 2045 esse
603 1998 735 2057 deaS,
777 2000 947 2061 quales
985 1998 1168 2047 Nereia
1205 2001 1342 2048 Doto

192 2086 241 2125 et
278 2078 486 2126 Galatea
522 2088 692 2127 secant
729 2089 1046 2143 spumantem
1083 2089 1284 2144 pectore
1319 2084 1563 2144 pontum.'

190 2157 379 2207 dixerat
414 2158 568 2222 idque
604 2170 765 2209 ratum
802 2161 955 2224 Stygii
990 2178 1078 2225 per
1113 2162 1319 2211 flumina
1354 2162 1525 2223 fratris,

189 2255 277 2302 per
312 2239 423 2303 pice
459 2242 688 2290 torrentis
724 2252 929 2306 atraque
964 2243 1196 2306 voragine
1233 2243 1361 2307 ripas
1787 2267 1863 2308 105

188 2320 376 2381 adnuit,
418 2331 467 2370 et
503 2332 664 2371 totum
701 2333 826 2373 nutu
865 2324 1138 2373 tremefecit
1176 2326 1461 2389 Olympum.

260 2403 392 2466 Ergo
428 2405 599 2452 aderat
635 2404 879 2468 promissa
915 2405 1021 2454 dies
1059 2415 1107 2454 et
1144 2415 1368 2469 tempora
1404 2410 1588 2457 Parcae

189 2483 358 2532 debita
394 2488 715 2549 complerant,
756 2504 871 2535 cum
908 2487 1064 2536 Turni
1101 2487 1277 2537 iniuria
1314 2491 1529 2538 Matrem

190 2566 453 2615 admonuit
489 2568 675 2617 ratibus
713 2569 862 2618 sacris
901 2572 1149 2633 depellere
1186 2573 1368 2620 taedas.
1847 2628 1849 2632 y

190 2645 271 2694 hic
308 2647 523 2709 primum
561 2666 691 2698 nova
727 2652 810 2698 lux
846 2651 1002 2700 oeulis
1041 2651 1225 2700 offulsit
1261 2661 1310 2700 et
1345 2651 1518 2716 ingens
1787 2675 1864 2703 110

186 2727 321 2777 visus
357 2730 421 2778 ab
458 2732 652 2779 Aurora
689 2734 887 2781 caelum
920 2742 1248 2782 transcurrere
1284 2732 1484 2782 nimbus

243 2858 402 2897 81-111
427 2858 559 2897 MPR
740 2863 791 2910 85
823 2860 1145 2912 dittographiam
1166 2876 1249 2902 esse
1267 2864 1412 2901 statuit
1429 2863 1600 2903 Ribbeck
1706 2877 1762 2913 90
1790 2877 1860 2914 pa-

189 2918 358 2951 rentum
392 2912 456 2950 Μι
583 2927 633 2964 91
668 2914 740 2966 ne]
765 2929 848 2954 neu
881 2915 1069 2967 MR72b:
1114 2930 1194 2956 nec
1230 2932 1256 2955 π
1386 2930 1462 2956 102
1491 2917 1640 2967 quales
1678 2919 1866 2969 ‘antiqui

188 2966 365 3016 aliquot’
386 2967 534 3007 Pierii:
566 2969 699 3018 qualis
719 2970 831 3009 codd.
853 2972 984 3009 nostri
997 2984 1142 3010 omnes
1330 2985 1407 3021 109
1436 2984 1579 3011 sacras
1597 2971 1824 3024 Dzbmedes·
1842 2995 1845 2997 >
