2014 3372
1367 135 1727 185 AENEIDOS
1764 136 1811 182 X

139 283 189 324 et
225 274 363 324 dedit
400 290 507 324 esse
543 275 662 323 deas
697 289 976 338 aevumque
1011 272 1193 337 agitare
1230 273 1322 322 sub
1359 272 1519 322 undis.
1733 293 1808 333 235

138 365 189 403 at
223 372 345 418 puer
381 355 626 404 Ascanius
662 371 805 403 muro
841 354 1087 418 fossisque
1123 363 1318 403 tenetur

139 438 236 484 tela
271 436 398 485 inter
433 436 598 485 media
631 445 781 500 atque
816 435 1033 485 ardentis
1072 438 1235 484 Marte
1271 436 1490 484 Latinos.

139 515 237 565 iam
273 519 383 566 loca
418 517 550 566 iussa
585 526 721 566 tenet
755 517 869 566 forti
904 516 1172 580 permixtus
1211 520 1421 566 Etrusco

138 601 292 647 Arcas
330 616 518 662 eques3
565 598 755 648 medias
791 598 888 647 illis
926 615 1180 662 opponere
1216 608 1416 658 turmas,

139 697 202 728 ne
239 680 408 729 castris
444 680 665 744 iungant,
705 689 838 728 certa
873 687 947 728 est
983 679 1228 728 sententia
1262 681 1448 728 Turno.
1736 699 1812 739 240

139 779 281 825 surge
315 779 406 826 age
443 771 492 811 et
526 765 720 810 Aurora
755 761 918 810 socios
954 761 1185 810 veniente
1220 761 1385 810 vocari

138 831 324 910 primus
360 847 411 894 in
447 863 583 895 arma
616 846 747 905 iube,
787 854 836 894 et
872 845 1087 908 clipeum
1124 861 1246 908 cape
1282 861 1433 907 quem
1470 843 1610 894 dedit
1645 842 1751 907 ipse

137 927 377 976 invictum
411 927 692 991 ignipotens
728 936 879 991 atque
914 944 1023 976 oras
1059 926 1234 976 ambiit
1268 943 1401 975 auro.

136 1008 349 1057 crastina
383 1010 479 1068 lux,
519 1026 631 1057 mea
666 1008 707 1057 si
743 1026 846 1057 non
882 1007 1027 1056 inrita
1061 1007 1197 1056 dicta
1231 1006 1429 1070 putaris,

137 1088 348 1152 ingentis
387 1090 603 1138 Rutulae
640 1088 885 1152 spectabit
921 1088 1087 1138 caedis
1123 1090 1355 1137 acervos.'
1734 1108 1809 1147 245

137 1170 325 1220 dixerat
361 1180 410 1219 et
446 1173 617 1220 dextra
652 1170 916 1220 discedens
954 1170 1152 1234 impulit
1187 1172 1338 1219 altam

137 1252 272 1300 haud
309 1251 477 1315 ignara
512 1252 650 1301 modi
686 1252 928 1316 puppim:
965 1252 1087 1316 fugit
1123 1252 1206 1300 illa
1240 1269 1327 1315 per
1362 1253 1523 1301 undas

138 1332 273 1381 ocior
308 1341 357 1381 et
392 1331 555 1381 iaculo
592 1341 640 1381 et
676 1342 851 1382 ventos
887 1342 1134 1396 aequante
1169 1332 1356 1397 sagitta.

136 1412 254 1461 inde
289 1413 414 1462 aliae
450 1415 666 1462 celerant
704 1431 886 1463 cursus.
963 1423 1127 1477 stupet
1162 1413 1346 1462 inscius
1382 1414 1488 1476 ipse

137 1496 262 1543 Tros
299 1494 643 1555 AnchisiadeS,
682 1495 876 1545 animos
914 1505 1082 1545 tamen
1120 1495 1290 1546 omine
1325 1495 1465 1544 tollit.
1734 1516 1811 1556 250

136 1584 241 1623 tum
278 1575 489 1623 breviter
525 1593 701 1638 supera
735 1586 995 1639 aspectans
1032 1593 1252 1625 convexa
1286 1586 1544 1639 precatur:

139 1658 296 1703 ‘alma
331 1673 508 1719 parens
547 1658 701 1705 Idaea
737 1658 903 1716 deum,
942 1656 1022 1705 cui
1060 1656 1314 1719 Dindyma
1349 1656 1487 1706 cordi

136 1736 498 1799 turrigeraeque
533 1737 680 1785 urbes
716 1736 970 1800 biiugique
1005 1739 1070 1786 ad
1106 1739 1242 1787 frena
1282 1739 1467 1797 leones,

135 1827 188 1865 tu
225 1817 348 1865 mihi
384 1834 519 1866 nunc
556 1835 751 1881 pugnae
787 1818 1032 1881 princeps,
1070 1827 1124 1867 tu
1159 1820 1249 1867 rite
1284 1818 1587 1882 propinques

133 1898 391 1963 augurium
430 1899 806 1963 Phrygibusque
841 1899 973 1948 adsis
1009 1900 1152 1962 pede,
1192 1898 1317 1959 diva,
1357 1901 1610 1949 secundo.'
1730 1921 1804 1960 255

134 1988 327 2027 tantum
365 1981 551 2028 effatus.
627 1990 676 2028 et
713 1980 899 2029 interea
934 1982 1155 2029 revoluta
1189 1980 1362 2029 ruebat

134 2070 324 2108 matura
359 2060 457 2108 iam
494 2063 605 2109 luce
642 2061 747 2110 dies
784 2071 1085 2124 noctemque
1120 2063 1337 2125 fugarat:

134 2141 375 2205 principio
413 2142 559 2191 sociis
597 2142 747 2192 edicit
786 2143 924 2207 signa
959 2152 1227 2206 sequantur

131 2232 281 2285 atque
315 2222 508 2272 animos
544 2232 716 2287 aptent
752 2224 899 2273 armis
936 2241 1231 2288 pugnaeque
1266 2234 1439 2287 parent
1475 2242 1540 2273 se.

202 2306 410 2368 Iamque
445 2305 496 2353 in
534 2316 806 2370 conspectu
844 2309 1066 2355 Teucros
1102 2307 1253 2355 habet
1289 2316 1338 2355 et
1373 2323 1462 2355 sua
1497 2316 1654 2356 castra
1726 2318 1804 2358 260

133 2394 266 2434 stans
302 2389 432 2435 celsa
468 2387 520 2435 in
556 2388 725 2451 puppi,
769 2389 984 2452 clipeum
1022 2405 1136 2437 curn
1173 2387 1356 2437 deinde
1392 2388 1585 2437 sinistra

132 2468 302 2516 extulit
337 2470 606 2518 ardentem.
683 2472 951 2520 clamorem
988 2473 1054 2520 ad
1091 2470 1251 2519 sidera
1287 2471 1466 2519 tollunt

134 2549 449 2599 Dardanidae
486 2569 513 2600 e
549 2551 713 2611 muris,
756 2569 867 2615 spes
904 2553 1076 2602 addita
1112 2552 1314 2601 suscitat
1354 2552 1462 2611 iras,

132 2631 227 2676 tela
264 2647 413 2678 manu
450 2630 648 2691 iaciunt,
687 2635 856 2695 quales
894 2635 988 2682 sub
1023 2634 1240 2683 nubibus
1282 2633 1396 2682 atris

132 2709 438 2770 Strymoniae
475 2713 595 2759 dant
631 2712 769 2776 signa
803 2731 946 2777 grues
983 2724 1132 2778 atque
1169 2716 1368 2764 aethera
1405 2724 1599 2764 tranant
1724 2724 1797 2776 265

184 2848 264 2886 235
285 2836 416 2876 MPR
434 2852 443 2887 ;
472 2840 660 2887 236-261
682 2840 878 2890 MPRV;
918 2844 1107 2892 262-265
1129 2841 1261 2882 MPR
1509 2857 1588 2893 237
1619 2846 1800 2884 orrentis

128 2891 224 2941 7²b:
250 2893 461 2931 horrentis
474 2892 611 2931 Mch
694 2897 776 2943 238
797 2895 1004 2935 tenentM
1005 2896 1045 2933 V
1057 2898 1108 2948 (2)
1125 2897 1429 2937 Canonicianus
1441 2898 1611 2937 Ribbeck
1720 2913 1799 2948 242

130 2945 241 2996 ipse]
265 2946 351 2995 igni
369 2946 425 2987 V:
459 2947 611 2997 ingens
631 2962 694 2987 cm
717 2949 924 2988 deten'ores
941 2950 1116 3000 quidam
1321 2964 1399 3002 245
1435 2954 1648 3002 spectabis
1668 2952 1798 3004 ΜΡὙι

131 2998 305 3050 Longus
322 2999 518 3039 Donatus
535 3001 593 3041 D.
617 3002 732 3042 Serv.
846 3016 922 3054 251
946 3017 1075 3055 super
1095 3004 1289 3057 M¹PV71
1402 3008 1483 3056 256
1502 3008 1676 3047 rubebat
1696 3007 1796 3059 P²7¹
