2014 3372
256 156 309 203 P.
349 154 649 203 VERGILI
691 154 1016 203 MARONIS

254 302 303 343 et
338 310 493 357 genus
532 301 580 341 et
618 308 901 341 mansuram
937 291 1112 340 urbem
1129 310 1143 353 3
1191 308 1329 341 serva
1363 293 1516 341 altera
1550 291 1731 342 Troiae

254 378 504 439 Pergama,
547 373 775 437 reliquias
818 376 1051 422 Danaum
1086 381 1236 437 atque
1272 372 1475 422 immitis
1511 372 1708 440 Achilli.

253 475 404 521 quem
441 456 733 520 sequimur?
784 472 946 519 quove
986 454 1055 504 ire
1091 454 1269 504 iubes?
1316 454 1403 503 ubi
1438 471 1624 517 ponere
1660 454 1842 504 sedes?

253 540 329 599 da,
370 547 520 602 pater,
559 537 817 602 augurium
856 546 1005 600 atque
1043 535 1220 585 animis
1258 535 1477 584 inlabere
1513 534 1721 584 nostris.'

319 620 416 668 Vix
452 637 510 670 ea
545 622 672 669 fatus
710 637 874 670 eram:
925 628 1133 668 tremere
1174 618 1342 667 omnia
1378 617 1481 666 visa
1518 626 1736 682 repente,
1876 638 1932 680 90

251 701 522 766 liminaque
558 703 823 766 laurusque
860 701 954 760 dei,
997 709 1231 764 totusque
1269 699 1456 749 moveri

251 801 396 833 mons
433 784 619 833 circum
655 793 704 833 et
740 783 928 848 mugire
965 782 1124 846 adytis
1165 781 1354 831 cortina
1390 780 1605 830 reclusis.

250 865 500 914 summissi
537 866 749 929 petimus
787 874 964 914 terram
1003 873 1051 913 et
1088 880 1183 913 vox
1219 865 1369 912 fertur
1403 865 1468 912 ad
1503 861 1661 911 auris:

254 948 601 997 ‘Dardanidae
638 947 759 1007 duri,
802 964 929 1010 quae
966 963 1054 995 vos
1090 963 1119 994 a
1156 945 1306 1009 stirpe
1342 953 1602 1008 parentum

249 1029 407 1093 prima
443 1030 553 1078 tulit
589 1032 748 1090 tellus,
789 1031 966 1078 eadem
1004 1045 1092 1081 vos
1130 1028 1282 1076 ubere
1317 1029 1448 1076 laeto
1873 1045 1926 1088 95

248 1110 458 1174 accipiet
493 1112 713 1160 reduces.
790 1109 1046 1173 antiquam
1085 1108 1323 1172 exquirite
1359 1117 1579 1157 matrem.

248 1193 330 1242 hic
366 1195 545 1243 domus
582 1197 785 1243 Aeneae
822 1193 1013 1242 cunctis
1053 1192 1390 1241 dominabitur
1426 1191 1523 1240 oris

248 1284 297 1324 et
334 1275 436 1324 nati
471 1284 700 1324 natorum
738 1284 786 1324 et
823 1275 908 1339 qui
944 1283 1210 1324 nascentur
1245 1274 1309 1323 ab
1346 1273 1470 1322 illis.'

248 1359 372 1407 haec
409 1358 643 1407 Phoebus
661 1376 674 1418 3
722 1356 976 1420 mixtoque
1014 1356 1187 1421 ingens
1226 1365 1393 1405 exorta
1429 1356 1644 1405 tumultu

247 1438 442 1498 laetitia,
484 1447 533 1487 et
569 1438 736 1487 cuncti
773 1455 900 1502 quae
938 1437 1034 1487 sint
1071 1454 1130 1486 ea
1166 1436 1365 1486 moenia
1401 1445 1658 1500 quaerunt,
1848 1456 1927 1486 100

247 1537 349 1584 quo
386 1521 620 1569 Phoebus
656 1529 800 1569 vocet
837 1519 1040 1569 errantis
1078 1519 1346 1583 iubeatque
1382 1518 1569 1567 reverti.
1611 1572 1614 1580 J

247 1611 353 1650 tum
388 1602 581 1665 genitor
615 1611 838 1651 veterum
874 1604 1078 1651 volvens
1117 1601 1425 1650 monimenta
1460 1600 1676 1648 virorum

250 1683 456 1742 ‘audite‚
498 1701 528 1732 o
565 1686 822 1747 proceres,'
859 1683 927 1732 ait
968 1688 1045 1733 fet
1082 1699 1194 1746 spes
1233 1681 1408 1731 discite
1444 1690 1641 1731 vestras.

247 1766 395 1815 Creta
433 1765 564 1814 Iovis
602 1766 767 1830 magni
804 1765 971 1815 medio
1009 1765 1137 1814 iacet
1173 1765 1334 1814 insula
1369 1774 1538 1828 ponto,

246 1864 389 1896 mons
429 1849 610 1896 Idaeus
647 1847 734 1896 ubi
770 1857 818 1897 et
854 1847 1012 1912 gentis
1053 1848 1300 1897 cunabula
1337 1856 1546 1896 nostrae.
1845 1863 1920 1906 105

244 1938 447 1978 centum
483 1930 629 1979 urbes
666 1930 892 1978 habitant
931 1947 1146 1993 magnas,
1190 1929 1436 1979 uberrima
1472 1946 1635 1994 regna,

245 2011 487 2060 maximus
524 2013 659 2061 unde
695 2021 844 2075 pater,
887 2011 927 2059 si
964 2011 1052 2060 rite
1091 2011 1261 2061 audita
1299 2013 1545 2071 recordor,

245 2095 467 2142 Teucrus
506 2095 758 2142 Rhoeteas
796 2093 1010 2156 primum
1051 2102 1124 2142 est
1162 2095 1399 2143 advectus
1437 2094 1488 2142 in
1525 2110 1647 2153 oras,

244 2174 531 2238 optavitque
567 2176 734 2224 locum
771 2192 935 2239 regno.
1014 2177 1242 2224 nondum
1283 2175 1431 2224 Ilium
1469 2185 1517 2224 et
1552 2191 1688 2223 arces

245 2258 543 2319 Pergameae
579 2265 813 2305 steterant
831 2275 844 2317 3
895 2256 1187 2305 habitabant
1226 2257 1434 2306 vallibus
1470 2256 1594 2304 imis.
1845 2274 1923 2304 110

244 2336 362 2385 hinc
399 2347 555 2386 mater
590 2338 763 2386 cultrix
801 2338 977 2401 Cybeli
1020 2339 1422 2402 Corybantiaque
1458 2354 1571 2386 aera

246 2419 557 2483 Idaeumque
594 2437 784 2480 nemus,
824 2420 941 2469 hinc
981 2422 1081 2470 fida
1122 2420 1314 2470 silentia
1351 2419 1511 2479 sacris,

244 2509 293 2549 et
330 2500 484 2549 iuncti
520 2518 716 2550 currum
754 2503 988 2552 dominae
1029 2503 1224 2553 subiere
1260 2505 1444 2551 leones.

244 2599 359 2645 ergo
395 2583 524 2646 agite
560 2593 609 2632 et
645 2584 815 2633 divum
854 2588 1045 2635 ducunt
1083 2602 1182 2649 qua
1218 2584 1349 2634 iussa
1385 2598 1676 2647 sequamur:

244 2665 498 2727 placemus
535 2675 710 2715 ventos
748 2677 797 2716 et
836 2668 1025 2717 Gnosia
1063 2684 1212 2730 regna
1249 2675 1488 2730 petamus.
1842 2682 1917 2722 115

298 2796 461 2846 86-115
501 2796 628 2835 FMP
872 2809 926 2847 93
967 2802 1009 2836 et
1038 2810 1121 2836 om.
1161 2796 1204 2834 F
1208 2795 1282 2833 1Pl
1396 2806 1550 2834 aureas
1587 2792 1671 2834 Pl:
1716 2804 1842 2831 auras
1873 2791 1918 2831 a¹

244 2850 299 2899 98
329 2857 561 2890 nascuntur
575 2851 634 2889 Pl
768 2854 846 2892 106
874 2853 1015 2904 ipsum
1044 2850 1269 2902 Vergilium
1293 2850 1419 2889 urbes
1441 2849 1543 2902 (non
1565 2847 1698 2897 urbis)
1716 2847 1920 2898 scripsisse

243 2903 338 2942 dicit
361 2903 545 2945 Valerius
557 2906 718 2946 Probus
746 2907 863 2957 apud
870 2907 911 2946 A
919 2937 927 2946 .
954 2906 1048 2946 Gell.
1075 2907 1161 2945 xiii.
1186 2918 1252 2955 21,
1277 2916 1302 2954 5
1430 2905 1506 2942 108
1527 2902 1592 2954 in]
1613 2899 1734 2941 adM
1843 2913 1916 2940 111

244 2958 507 3053 §ff'zegufffl
539 2960 653 3001 Serv.
683 2962 869 3002 Nonius:
917 2960 1078 3011 Cybele
1102 2959 1309 3011 FMP7lm
1335 2958 1519 3011 agnoscit
1546 2956 1687 2997 Sem:
1729 2955 1918 3006 Cybelae
