2046 3380
1258 172 1682 224 GEORGICON
1723 175 1808 223 III

141 324 234 357 nec
271 325 440 358 vescas
478 310 682 361 salicum
718 312 919 360 frondes
958 313 1223 375 ulvamque
1259 314 1543 375 palustrem,
1729 330 1774 372 17
1782 333 1803 373 5

141 391 230 440 sed
265 392 510 441 frumenta
546 409 696 441 manu
734 409 903 456 carpes
941 403 1045 443 sata
1062 412 1076 455 3
1124 411 1219 443 nec
1255 393 1344 443 tibi
1379 396 1509 443 fetae

140 487 278 520 more
313 481 507 535 patrum
545 472 688 522 nivea
723 473 1003 537 implebunt
1042 475 1321 525 mulctraria
1355 492 1549 535 vaccae,

140 554 228 601 sed
265 561 368 601 tota
403 553 454 601 in
491 553 649 603 dulcis
686 564 982 604 consument
1018 556 1172 604 ubera
1205 564 1362 605 natos.

207 634 292 683 Sin
328 637 393 683 ad
430 635 559 683 bella
594 635 748 699 magis
786 635 1005 685 studium
1042 645 1326 700 turmasque
1362 635 1552 696 ferocis,

137 725 222 765 aut
258 718 454 780 Alphea
489 716 606 766 rotis
645 717 862 781 praelabi
898 718 1105 767 flumina
1140 719 1283 768 Pisae
1730 728 1805 767 180

138 807 187 847 et
225 797 356 846 Iovis
392 797 443 846 in
481 800 595 847 luco
632 815 800 848 currus
837 799 1019 862 agitare
1054 800 1294 849 volantis:

136 878 323 942 primus
360 879 475 942 equi
511 880 650 929 labor
686 890 759 929 est
794 881 987 930 animos
1023 890 1173 945 atque
1208 899 1344 930 arma
1378 881 1545 931 videre

137 960 411 1008 bellantum
449 960 696 1024 lituosque
736 962 850 1025 pati,
893 971 1151 1026 tractuque
1185 972 1466 1026 gementem

137 1044 260 1092 ferre
296 1054 453 1094 rotam
491 1055 538 1094 et
576 1047 771 1095 stabulo
808 1048 972 1096 frenos
1009 1047 1180 1096 audire
1215 1046 1467 1107 sonantis;

137 1133 242 1172 tum
280 1126 433 1189 magis
469 1135 618 1190 atque
654 1127 809 1190 magis
846 1127 1043 1177 blandis
1078 1130 1294 1191 gaudere
1330 1126 1546 1191 magistri
1728 1137 1801 1187 185

136 1207 365 1257 laudibus
403 1218 451 1258 et
486 1212 686 1273 plausae
723 1210 942 1259 sonitum
979 1211 1179 1259 cervicis
1215 1228 1392 1260 amare.

134 1297 284 1351 atque
320 1292 443 1339 haec
478 1291 575 1339 iarn
612 1291 772 1354 primo
808 1294 1044 1354 depulsus
1079 1293 1143 1341 ab
1180 1293 1331 1340 ubere
1366 1291 1533 1340 matris

134 1372 329 1431 audeat,
370 1371 521 1435 inque
557 1372 716 1421 vicem
753 1375 838 1421 det
873 1373 1106 1422 mollibus
1143 1390 1229 1421 ora
1265 1373 1486 1436 capistris

134 1452 377 1503 invalidus
415 1454 664 1518 etiamque
700 1464 928 1515 tremens,
969 1455 1116 1504 etiam
1154 1455 1338 1504 inscius
1373 1455 1493 1504 aevi.

133 1542 182 1581 at
218 1534 373 1583 tribus
412 1535 593 1584 exactis
632 1535 716 1584 ubi
754 1546 927 1598 quarta
962 1536 1223 1586 accesserit
1257 1546 1432 1596 aestas,
1726 1557 1804 1599 190

134 1632 332 1679 carpere
368 1635 483 1666 mox
518 1635 690 1680 gyrum
725 1617 928 1681 incipiat
964 1619 1298 1682 gradibusque
1334 1636 1509 1668 sonare

133 1697 434 1760 compositis,
475 1698 737 1761 sinuetque
772 1701 959 1748 alterna
993 1699 1247 1748 volumina
1283 1716 1493 1759 crurum,

133 1777 294 1841 sitque
332 1779 574 1828 laboranti
612 1779 815 1840 similis,-
863 1790 967 1828 tum
1006 1780 1229 1830 cursibus
1265 1798 1406 1830 auras

134 1866 239 1906 turn
276 1869 433 1920 vocet,
473 1878 531 1909 ac
567 1877 655 1923 per
689 1870 858 1923 aperta
893 1863 1065 1910 volans
1102 1878 1194 1910 ceu
1230 1861 1354 1910 liber
1389 1861 1596 1911 habenis

131 1956 348 2003 aequora
382 1941 461 1990 vix
497 1959 692 1991 summa
728 1942 930 2006 vestigia
965 1953 1119 2006 ponat
1155 1945 1352 2003 harena,
1724 1962 1798 2005 195

133 2023 290 2084 qualis
329 2025 666 2087 Hyperboreis
703 2025 889 2088 Aquilo
926 2042 1040 2073 cum
1077 2027 1262 2074 densus
1297 2027 1361 2075 ab
1399 2025 1495 2074 oris

131 2103 370 2164 incubuit,
410 2106 736 2170 Scythiaeque
775 2106 964 2155 hiemes
1000 2117 1149 2170 atque
1184 2107 1321 2156 arida
1356 2107 1516 2156 differt

131 2184 333 2233 nubila:
382 2194 487 2234 tum
524 2196 711 2250 segetes
749 2190 876 2236 altae
914 2187 1176 2251 campique
1211 2197 1438 2238 natantes

130 2264 324 2314 lenibus
361 2267 649 2316 horrescunt
685 2268 864 2328 flabris,
905 2278 1229 2332 summaeque
1264 2287 1494 2320 sonorem

131 2347 252 2395 dant
287 2347 449 2407 silvae,
488 2349 722 2412 longique
758 2359 932 2414 urgent
970 2352 1035 2399 ad
1072 2350 1214 2399 litora
1247 2352 1459 2412 fluctus3
1725 2372 1803 2400 200

130 2427 212 2476 ille
246 2430 378 2477 volat
414 2429 558 2478 simul
594 2448 708 2479 arva
742 2433 857 2495 fuga
893 2432 1039 2481 simul
1078 2449 1294 2496 aequora
1328 2450 1536 2482 verrens.

130 2509 246 2558 hinc
282 2512 359 2559 vel
394 2513 458 2560 ad
496 2512 604 2560 Elei
641 2522 795 2562 metas
833 2523 881 2562 et
918 2514 1131 2563 maxima
1168 2514 1330 2577 campi

131 2590 328 2639 sudabit
364 2592 520 2655 spatia
556 2603 603 2642 et
639 2610 839 2657 spumas
877 2605 988 2659 aget
1025 2613 1109 2645 ore
1146 2605 1388 2655 cruentas,

183 2721 376 2770 '175—180
395 2720 582 2769 FMPR;
617 2724 801 2774 181—203
821 2724 1034 2763 AFMPR
1292 2737 1368 2775 175
1398 2726 1552 2777 ulvam]
1585 2726 1729 2765 silvam
1759 2726 1802 2764 R

135 2787 208 2824 177
241 2775 445 2824 mulgaria
463 2776 636 2828 Nonius,
661 2782 844 2829 agnoscit
861 2779 1154 2831 Philargyrz'us
1330 2781 1406 2829 178
1436 2788 1689 2819 consumant
1710 2780 1763 2818 M
1768 2781 1805 2818 1ι·

134 2829 210 2867 182
240 2830 361 2879 equis
381 2828 434 2867 M
544 2832 620 2870 188
649 2833 790 2871 audiat
811 2832 1038 2884 M2R7²b1c
1152 2835 1228 2883 189
1259 2835 1495 2886 etiamque]
1528 2835 1800 2883 iamiamque

130 2881 184 2919 M
186 2882 227 2921 ²:
259 2889 301 2921 et
327 2884 493 2934 iamque
514 2885 679 2935 Bentley
828 2887 977 2938 etiam]
1000 2893 1042 2926 et
1063 2888 1145 2926 iam
1167 2888 1336 2939 Bentley
1478 2902 1556 2938 190
1586 2888 1800 2938 acceperit

129 2936 211 2975 PR
228 2951 236 2975 :
268 2939 487 2988 occeperit
506 2939 548 2977 F
549 2939 562 2961 ¹
693 2947 811 2980 aetas
832 2940 885 2978 M
900 2941 1013 2981 Serv.
1152 2955 1227 2991 194
1257 2948 1344 2981 tum
1366 2943 1514 2994 vocet]
1538 2949 1743 2993 provocet
1761 2942 1803 2980 P

133 2989 435 3032 Canonicianus
452 2992 623 3033 Ribbeck
732 3007 811 3034 202
841 2996 909 3034 hic
928 2995 971 3034 A
978 2994 1028 3033 M
1034 2995 1179 3046 1ΡὙῧὸε
1195 2996 1359 3035 Probus
1378 2998 1492 3036 Acro
1514 2996 1630 3036 schol.
1656 2998 1778 3036 Bern.
