2020 3372
223 162 273 208 P.
314 161 613 209 VERGILI
653 161 978 209 MARONIS

220 310 268 348 et
304 317 509 349 nemora
544 300 716 349 evertit
753 302 935 349 multos
978 299 1154 363 ignava
1189 317 1276 364 per
1310 317 1484 361 annos,

219 380 548 444 antiquasque
585 384 764 430 domos
800 381 966 429 avium
1003 397 1119 429 cum
1156 381 1388 445 stirpibus
1425 381 1537 431 imis

218 462 342 511 eruit
360 482 374 523 ,-
409 463 521 512 illae
557 465 712 511 altum
749 462 879 511 nidis
915 463 1101 526 petiere
1137 463 1353 524 relictis3
1814 484 1895 514 210

216 555 266 594 at
302 546 438 595 rudis
476 545 652 595 enituit
688 546 904 609 impulso
939 563 1140 596 vomere
1177 563 1396 610 campus.

216 644 333 675 nam
369 627 535 676 ieiuna
573 627 778 690 quidem
815 627 986 676 clivosi
1021 630 1184 690 glarea
1219 627 1341 676 ruris

215 709 294 756 vix
330 709 530 757 humilis
566 708 744 772 apibus
781 709 937 758 casias
973 726 1235 772 roremque
1272 709 1515 758 ministrat
1531 728 1546 771 ;

177 837 182 841 .
215 800 265 839 et
301 792 433 839 tofus
471 790 644 838 scaber
680 800 728 838 et
765 789 913 852 nigris
950 807 1095 839 exesa
1131 790 1376 853 chelydris

215 882 348 921 creta
384 882 567 935 negant
603 872 725 921 alios
762 889 921 935 aeque
958 872 1268 936 serpentibus
1304 889 1446 935 agros
1813 894 1889 935 215

213 956 413 1002 dulcem
450 955 573 1002 ferre
610 953 780 1002 cibum
817 963 865 1001 et
902 970 1074 1002 curvas
1110 954 1346 1016 praebere
1379 953 1607 1003 latebras.

213 1052 341 1099 quae
378 1045 580 1083 tenuem
618 1036 812 1083 exhalat
849 1035 1085 1083 nebulam
1118 1036 1387 1097 fumosque
1423 1033 1650 1094 volucris,

212 1126 261 1165 et
298 1115 424 1165 bibit
460 1132 686 1164 umorem
723 1124 785 1174 et,
826 1132 941 1163 cum
977 1117 1094 1175 vult,
1134 1132 1193 1163 ex
1229 1132 1282 1163 se
1317 1114 1424 1178 ipsa
1459 1115 1676 1176 remittit,

211 1215 441 1262 quaeque
478 1214 569 1246 suo
606 1213 801 1259 semper
836 1196 979 1245 viridi
1016 1214 1068 1246 se
1103 1196 1324 1260 gramine
1359 1197 1517 1257 vestit,

211 1299 304 1330 nec
342 1281 509 1330 scabie
546 1291 595 1330 et
632 1283 759 1329 salsa
794 1280 947 1329 laedit
983 1280 1207 1343 robigine
1243 1283 1439 1341 ferrum,
1809 1303 1889 1331 220

210 1364 294 1413 illa
329 1364 420 1412 tibi
456 1363 596 1412 laetis
634 1363 819 1411 intexet
855 1362 1036 1411 vitibus
1074 1364 1250 1422 ulmos,

210 1446 293 1494 illa
328 1448 461 1494 ferax
497 1447 610 1494 oleo
647 1454 734 1504 est,
774 1444 909 1492 illam
947 1443 1194 1506 experiere
1232 1445 1445 1493 colendo

210 1537 258 1576 et
294 1527 490 1576 facilem
528 1526 695 1590 pecori
731 1535 780 1574 et
815 1525 1087 1588 patientem
1124 1524 1336 1574 vomeris
1373 1525 1502 1574 unci.

210 1611 360 1658 talem
398 1608 535 1657 dives
572 1617 676 1656 arat
713 1609 889 1670 Capua
924 1616 972 1656 et
1008 1606 1170 1655 vicina
1205 1609 1402 1656 Vesevo

209 1708 295 1740 ora
333 1690 448 1754 iugo
486 1699 535 1738 et
570 1688 737 1738 vacuis
776 1688 982 1739 Clanius
1018 1706 1122 1738 non
1158 1705 1346 1751 aequus
1383 1689 1591 1738 Acerris.
1806 1711 1881 1751 225

278 1774 428 1821 Nunc
466 1788 567 1834 quo
604 1787 856 1834 quamque
899 1772 1053 1819 modo
1097 1769 1260 1833 possis
1298 1786 1598 1834 cognoscere
1634 1770 1811 1821 dicam.

206 1871 313 1903 rara
349 1853 410 1902 sit
446 1871 510 1902 an
547 1870 695 1916 supra
730 1869 920 1901 morem
958 1852 998 1900 si
1035 1854 1190 1901 densa
1225 1852 1443 1915 requires

209 1936 381 1999 (altera
416 1934 674 1983 frumentis
713 1934 950 1997 quoniam
987 1936 1131 1994 favet,
1169 1936 1321 1982 altera
1359 1935 1573 1994 Baccho,

208 2020 363 2067 densa
400 2016 554 2080 magis
592 2016 773 2076 Cereri,
813 2015 1057 2065 rarissima
1093 2032 1321 2079 quaeque
1360 2015 1564 2080 Lyaeo),

204 2108 321 2147 ante
356 2100 524 2147 locum
562 2097 726 2161 capies
764 2097 934 2157 oculis,
973 2100 1171 2161 alteque
1206 2097 1401 2146 iubebis
1803 2120 1882 2159 230

206 2179 256 2227 in
294 2179 455 2228 solido
492 2189 700 2242 puteum
737 2179 944 2239 demitti,
986 2196 1290 2243 omnemque
1326 2197 1537 2243 repones

205 2277 369 2308 rursus
406 2262 616 2308 humum
654 2269 702 2308 et
738 2260 951 2323 pedibus
989 2278 1208 2309 summas
1245 2261 1482 2324 aequabis
1518 2263 1739 2311 harenas.

205 2342 245 2390 si
281 2344 504 2401 deerunt,
544 2359 707 2390 rarum
743 2342 1012 2405 pecorique
1048 2352 1097 2392 et
1132 2342 1314 2392 vitibus
1351 2343 1493 2392 almis

204 2423 366 2486 aptius
403 2424 526 2471 uber
562 2423 685 2483 erit,·
722 2423 797 2471 sin
832 2423 884 2471 in
922 2441 1010 2473 sua
1043 2441 1194 2487 posse
1229 2425 1484 2487 negabunt

204 2504 272 2553 ire
308 2507 419 2553 loca
455 2514 503 2554 et
540 2504 798 2554 scrobibus
837 2505 1088 2568 superabit
1125 2515 1250 2554 terra
1286 2506 1497 2569 repletis,
1801 2527 1876 2568 235

204 2586 389 2650 spissus
427 2603 572 2649 ager:
621 2587 820 2649 glaebas
858 2587 1137 2636 cunctantis
1175 2604 1436 2650 crassaque
1470 2596 1608 2650 terga

205 2678 433 2731 exspecta
469 2678 517 2716 et
553 2667 727 2716 validis
765 2677 941 2716 terram
977 2668 1243 2731 proscinde
1279 2668 1512 2717 iuvencis.

205 2752 331 2798 salsa
366 2759 533 2798 autem
571 2751 714 2798 tellus
753 2759 800 2797 et
837 2767 965 2812 quae
1002 2750 1288 2812 perhibetur
1322 2767 1489 2799 amara

257 2882 446 2930 208—215
469 2880 580 2927 MP;
611 2882 802 2929 216-238
822 2880 954 2919 MPR
1203 2882 1395 2920 212-260
1415 2882 1518 2920 deest
1534 2896 1563 2931 γ
1673 2894 1755 2931 2ῐ9
1774 2882 1873 2922 viri-

201 2935 267 2972 dis
282 2934 390 2974 codd.
407 2935 580 2985 quidam
593 2935 801 2973 deteriores
812 2935 996 2985 Schaper
1103 2949 1183 2974 220
1205 2934 1268 2985 et]
1282 2942 1355 2974 aut
1373 2935 1422 2973 M
1429 2935 1443 2957 ²
1554 2948 1630 2974 221
1654 2937 1805 2975 intexit
1818 2936 1879 2975 Pc

201 3001 279 3026 222
302 2989 395 3028 oleo
410 2989 491 3027 PR
511 2989 696 3027 Nonius:
731 2989 851 3027 oleae
873 2989 969 3028 Mbc
1132 3001 1210 3039 225
1244 2990 1352 3029 Nola
1365 2997 1445 3041 pro
1464 3003 1538 3029 ora
1555 2991 1692 3040 primo
1710 2990 1876 3030 edidisse

198 3047 313 3094 poeta
333 3043 482 3082 dteitur
498 3043 614 3095 apud
629 3043 797 3081 Aulum
823 3042 998 3081 Gellium
1021 3045 1074 3082 vi.
1098 3057 1151 3083 20
1317 3057 1395 3094 227
1427 3045 1618 3094 requiras
1639 3045 1688 3083 Μ
1695 3044 1776 3084 ²Rc
