2014 3372
1286 178 1708 228 GEORGICON
1747 179 1822 224 IV

156 324 529 388 magnanimum
564 324 788 382 heroum,
826 321 966 385 pueri
1001 321 1341 383 innuptaeque
1376 320 1584 381 puellae,

156 405 472 469 impositique
507 404 636 467 rogis
672 403 874 452 iuvenes
909 412 1026 451 ante
1061 419 1147 450 ora
1183 410 1457 464 parentum,

155 503 280 549 quos
318 486 502 534 circum
538 484 685 533 limus
721 484 858 548 niger
892 493 942 532 et
977 482 1211 532 deformis
1248 483 1475 530 harundo

155 567 331 630 Cocyti
368 568 605 629 tardaque
641 567 782 629 palus
817 564 1095 613 inamabilis
1131 565 1269 613 unda

154 648 318 711 alligat
353 657 402 696 et
437 646 607 695 novies
644 648 761 708 Styx
792 646 1027 694 interfusa
1054 654 1262 694 coercet.
1593 670 1597 671 ν
1744 653 1825 701 480

156 728 276 791 quin
312 728 447 790 ipsae
483 736 715 790 stupuere
750 728 930 775 domus
965 735 1115 788 atque
1150 725 1324 774 intima
1360 724 1472 773 Leti

155 812 358 858 Tartara
394 810 745 870 caeruleosque
780 807 1022 870 implexae
1057 806 1275 855 crinibus
1310 806 1485 869 anguis

157 890 475 949 Eumenides,
515 888 772 952 tenuitque
808 888 1003 936 inhians
1039 887 1130 936 tria
1166 889 1411 938 Cerberus
1447 904 1548 946 ora,

154 981 303 1034 atque
342 970 520 1019 Ixionii
554 979 704 1018 vento
740 978 846 1018 rota
881 968 1100 1017 constitit
1132 968 1278 1017 orbis.

155 1053 354 1116 iamque
389 1054 570 1115 pedem
606 1053 819 1099 referens
856 1068 998 1099 casus
1035 1059 1254 1099 evaserat
1288 1049 1468 1109 omnis,
1742 1060 1821 1109 485

156 1134 447 1197 redditaque
485 1133 732 1196 Eurydice
767 1149 967 1195 superas
1003 1132 1234 1181 veniebat
1268 1134 1335 1181 ad
1369 1149 1513 1180 auras

156 1232 288 1278 pone
324 1231 536 1277 sequens
571 1215 808 1276 (namque
841 1216 970 1262 hanc
1005 1216 1210 1263 dederat
1246 1212 1543 1275 Proserpina
1577 1212 1775 1276 legem),

158 1313 272 1344 cum
308 1295 471 1344 subita
506 1294 760 1343 incautum
798 1293 1050 1343 dementia
1083 1293 1216 1357 cepit
1250 1303 1519 1352 amantem,

156 1377 459 1440 ignoscenda
494 1375 712 1438 quidem,
754 1374 935 1423 scirent
969 1374 1010 1422 si
1046 1373 1300 1436 ignoscere
1336 1391 1540 1423 manes:

157 1458 344 1517 restitit,
385 1456 770 1519 Eurydicenque
807 1473 947 1504 suam
983 1455 1082 1504 iam
1119 1458 1229 1504 luce
1266 1457 1359 1504 sub
1395 1456 1504 1518 ipsa
1743 1478 1826 1517 490

157 1539 418 1587 immemor
452 1540 580 1586 heu!
628 1537 887 1600 victusque
921 1536 1076 1585 animi
1110 1537 1334 1599 respexit.
1408 1537 1479 1585 ibi
1514 1537 1678 1585 omnis

158 1610 339 1670 effusus
376 1620 514 1668 labor
549 1629 699 1681 atque
735 1618 937 1666 immitis
974 1628 1116 1681 rupta
1152 1618 1346 1681 tyranni

157 1703 370 1761 foedera,
409 1710 580 1763 terque
616 1702 775 1763 fragor
809 1699 993 1762 stagnis
1029 1699 1228 1748 auditus
1262 1698 1462 1748 Averni.

158 1782 240 1830 illa
267 1782 403 1844 ‘quis
434 1791 483 1830 et
512 1798 592 1829 me
617 1783 627 1804 '
657 1780 818 1843 inquit
856 1780 1111 1829 ‘miseram
1149 1790 1198 1830 et
1231 1790 1281 1830 te
1316 1781 1546 1844 perdidit,
1587 1783 1806 1844 Orpheu‚

158 1863 268 1926 quis
303 1872 468 1911 tantus
504 1864 672 1911 furor?
720 1879 783 1911 en
818 1861 996 1911 iterum
1032 1861 1251 1911 crudelia
1285 1871 1415 1911 retro
1744 1883 1822 1922 495

158 1946 257 1992 fata
291 1953 484 2002 vocant,
523 1943 794 2007 conditque
830 1943 1051 1992 natantia
1085 1943 1275 1992 lumina
1308 1961 1529 1992 somnus.

157 2026 357 2089 iamque
392 2029 501 2075 vale
521 2024 537 2075 τ’
579 2029 708 2075 feror
743 2026 930 2090 ingenti
967 2027 1271 2075 circumdata
1305 2035 1455 2075 nocte

158 2108 497 2171 invalidasque
531 2108 623 2156 tibi
659 2110 884 2167 tendens,
922 2110 1022 2156 heu
1057 2125 1161 2156 non
1197 2116 1295 2166 tua,
1333 2109 1555 2169 palmas.'

141 2188 280 2237 ‘dixit
315 2199 364 2238 et
399 2206 460 2238 ex
496 2191 651 2239 oculis
688 2191 866 2250 subito,
906 2208 1000 2240 ceu
1035 2193 1199 2239 fumus
1235 2190 1287 2238 in
1322 2207 1465 2238 auras

157 2271 452 2320 commixtus
489 2273 664 2333 tenuis,
704 2273 826 2336 fugit
863 2273 1068 2333 diversa,
1108 2290 1271 2336 neque
1306 2272 1447 2321 illum
1746 2293 1826 2331 500

157 2362 471 2414 prensantem
504 2353 808 2417 nequiquam
844 2355 1044 2402 umbras
1080 2363 1129 2402 et
1164 2355 1320 2402 multa
1357 2355 1608 2402 volentem

158 2433 321 2483 dicere
356 2444 608 2497 praeterea
642 2436 797 2497 vidit3
846 2453 939 2485 nec
975 2436 1182 2499 portitor
1218 2435 1336 2485 Orci

156 2515 367 2578 amplius
404 2516 652 2566 obiectam
687 2534 861 2580 passus
898 2517 1101 2566 transire
1137 2519 1384 2580 paludem.

158 2596 279 2659 quid
315 2599 531 2646 faceret?
579 2616 680 2662 quo
716 2616 768 2648 se
804 2608 942 2662 rapta
979 2599 1054 2647 bis
1091 2598 1301 2661 coniuge
1336 2600 1521 2646 ferret?

158 2694 258 2740 quo
294 2680 412 2726 fletu
450 2679 620 2739 manis,
662 2697 789 2743 quae
826 2680 1032 2729 numina
1067 2697 1190 2729 voce
1226 2681 1481 2728 moveret?
1745 2698 1821 2737 5ο5

157 2758 238 2807 illa
274 2759 476 2822 quidem
514 2760 678 2823 Stygia
713 2762 863 2810 nabat
899 2761 997 2809 iam
1033 2760 1207 2824 frigida
1243 2761 1436 2808 cumba.

211 2892 397 2940 476-497
419 2890 547 2928 FMR
564 2904 573 2938 3
604 2893 794 2941 498-506
814 2891 907 2930 MR
1002 2888 1006 2890 ’
1027 2888 1030 2890 ’
1123 2894 1204 2938 482
1235 2891 1443 2930 caeruleis
1464 2889 1531 2927 M1
1627 2890 1824 2939 impexae

157 2943 224 2980 M²
243 2945 361 2983 schol.
377 2945 500 2984 Rern.
521 2960 529 2983 :
562 2946 744 2984 innexae
763 2946 841 2983 FR
965 2947 1045 2994 488
1074 2946 1212 2984 subito
1233 2945 1276 2983 R
1397 2958 1478 2995 493
1508 2945 1647 2993 stagni
1668 2950 1733 2983 est
1752 2944 1796 2982 R
1809 2959 1821 2982 ·.

157 2999 336 3046 stagnist
356 2999 527 3037 Ribbeck
646 2999 832 3038 Avernis
861 2999 913 3036 M
1038 3012 1119 3050 500
1149 3000 1254 3050 fugit
1278 3001 1320 3038 in
1352 3002 1520 3039 diversa
1545 2997 1613 3035 W
1743 3010 1821 3046 504

157 3058 303 3101 erepta
324 3052 390 3089 M2
547 3066 626 3103 505
658 3053 762 3105 quo]
783 3067 892 3103 quos
914 3054 955 3092 R
1102 3053 1232 3103 quae]
1253 3068 1336 3104 qua
1355 3054 1460 3105 ⁶21²b²c
