2014 3372
456 679 525 746 P.
575 676 976 744 VERGILI
1040 616 1490 741 MARoNJs

659 842 1283 918 AENEIDos

801 1025 1016 1072 LIBER
1054 1025 1138 1071 III

208 1181 495 1236 POSTQVAM
531 1195 608 1227 res
643 1178 793 1227 Asiae
830 1177 1110 1239 Priamique
1146 1185 1362 1226 evertere
1397 1184 1596 1239 gentem

138 1259 434 1308 immeritam
468 1259 628 1308 visum
664 1258 866 1322 superis,
905 1257 1184 1319 ceciditque
1220 1256 1487 1319 superbum

140 1340 290 1389 Ilium
325 1350 373 1389 et
408 1340 570 1389 omnis
607 1342 762 1387 humo
797 1341 953 1387 fumat
991 1337 1244 1400 Neptunia
1278 1336 1441 1396 Troia,

138 1421 329 1472 diversa
364 1421 530 1471 exsilia
565 1431 614 1470 et
649 1423 866 1470 desertas
903 1436 1136 1483 quaerere
1171 1428 1320 1467 terras

136 1504 349 1568 auguriis
384 1503 573 1567 agimur
608 1503 792 1562 divum,
833 1504 1141 1564 classemque
1177 1501 1270 1549 sub
1305 1499 1412 1563 ipsa

136 1576 397 1635 Antandro
433 1595 481 1634 et
518 1584 756 1647 Phrygiae
792 1584 1023 1633 molimur
1059 1582 1311 1631 montibus
1349 1582 1484 1642 Idae,
1549 1604 1558 1619 ·

136 1667 308 1716 incerti
344 1685 444 1730 quo
480 1669 578 1715 fata
614 1668 783 1726 ferant,
823 1665 910 1714 ubi
945 1665 1113 1713 sistere
1149 1666 1303 1723 detur,

136 1750 571 1812 contrahimusque
606 1748 747 1797 viros.
820 1748 899 1795 vix
934 1747 1091 1810 prima
1126 1746 1374 1808 inceperat
1407 1753 1568 1794 aestas

136 1840 185 1878 et
219 1840 358 1894 pater
390 1829 636 1878 Anchises
672 1831 789 1878 dare
825 1828 935 1876 fatis
971 1830 1080 1876 vela
1114 1827 1329 1886 iubebat,

135 1911 276 1960 litora
312 1929 426 1960 cum
461 1910 645 1974 patriae
681 1910 940 1958 lacrimans
976 1918 1246 1972 portusque
1281 1906 1506 1970 relinquo

136 2002 184 2040 et
219 2010 421 2055 campos
457 1992 543 2041 ubi
579 1991 730 2040 Troia
765 1991 867 2040 fuit.
941 1992 1068 2039 feror
1105 1992 1241 2038 exsul
1276 1989 1328 2037 in
1363 1991 1519 2037 altum

135 2092 250 2123 cum
286 2075 430 2123 sociis
466 2084 684 2136 natoque
722 2072 983 2135 penatibus
1020 2082 1068 2120 et
1105 2071 1293 2134 magnis
1330 2069 1419 2119 dis.

202 2159 353 2204 Terra
388 2157 559 2219 procul
595 2154 742 2203 vastis
783 2154 958 2203 colitur
996 2153 1241 2201 Mavortia
1276 2150 1463 2215 campis

136 2239 373 2303 (Thraces
409 2237 566 2301 arant)
604 2237 703 2285 acri
739 2238 994 2299 quondam
1030 2244 1230 2299 regnata
1266 2237 1504 2297 Lycurgo,

134 2320 403 2383 hospitium
438 2320 698 2383 antiquum
736 2319 915 2368 Troiae
951 2318 1172 2381 sociique
1206 2326 1411 2381 penates

134 2403 255 2450 dum
291 2404 486 2450 fortuna
520 2401 623 2450 fuit.
696 2403 824 2450 feror
858 2403 957 2449 huc
992 2410 1040 2449 et
1076 2402 1217 2448 litore
1253 2415 1402 2447 curvo

135 2483 332 2532 moenia
365 2483 522 2547 prima
558 2486 670 2532 loco
707 2483 817 2531 fatis
852 2483 1096 2546 ingressus
1132 2481 1314 2544 iniquis

134 2567 495 2628 Aeneadasque
531 2582 644 2614 meo
680 2582 865 2613 nomen
901 2565 966 2612 de
1000 2562 1203 2611 nomine
1237 2563 1384 2625 fingo.

202 2634 348 2694 Sacra
385 2647 639 2696 Dionaeae
676 2646 818 2695 matri
854 2645 1079 2708 divisque
1114 2643 1333 2692 ferebam

134 2726 415 2789 auspicibus
453 2737 741 2790 coeptorum
778 2744 999 2791 operum,
1039 2741 1316 2788 superoque
1351 2723 1592 2772 nitentem

134 2807 423 2856 caelicolum
458 2807 558 2871 regi
594 2809 873 2856 mactabam
909 2807 961 2855 in
995 2806 1136 2854 litore
1171 2814 1378 2852 taurum.

1751 1925 1802 1954 10

1747 2334 1796 2376 15

1744 2742 1796 2770 20

192 2948 292 2973 1—21
314 2936 444 2975 FMP
640 2949 666 2986 3
695 2937 825 2976 fumat
838 2936 1036 2989 praecepit
1054 2935 1228 2987 Probus,
1255 2939 1301 2974 ut
1318 2933 1492 2973 fumavit
1511 2932 1794 2984 intellegetetur

136 3001 159 3039 7
192 2989 333 3029 ferunt
352 2990 413 3029 Ρ1
582 3004 633 3032 10
661 2997 748 3030 tum
768 3006 797 3030 π

1637 3059 1712 3102 11*
