2014 3372
227 142 279 188 P.
319 140 619 188 VERGILI
660 139 987 188 MARONIS

225 280 349 341 ilice,
389 281 459 330 sic
495 280 595 330 leni
632 281 906 345 crepitabat
941 281 1133 330 brattea
1167 290 1331 330 vento.

225 363 422 427 corripit
458 366 658 412 Aeneas
695 365 946 427 extemplo
981 362 1256 427 avidusque
1292 362 1512 426 refringit

224 454 557 503 cunctantem,
599 454 648 493 et
684 444 808 493 vatis
845 453 1008 507 portat
1045 445 1137 493 sub
1174 453 1306 493 tecta
1341 444 1568 506 Sibyllae.

293 529 402 575 Nec
439 526 603 575 minus
640 526 828 575 interea
867 526 1122 575 Misenum
1159 525 1211 574 in
1247 525 1389 574 litore
1425 525 1607 574 Teucri

224 609 411 656 flebant
448 617 496 657 et
534 607 687 656 cineri
723 607 914 671 ingrato
951 624 1180 670 suprema
1218 607 1455 655 ferebant.

223 691 467 755 principio
505 691 743 755 pinguem
780 692 938 741 taedis
976 701 1025 741 et
1062 692 1239 740 robore
1277 701 1413 740 secto
1468 740 1474 744 .

223 773 476 836 ingentem
513 782 730 823 struxere
765 791 949 838 pyram,
990 772 1071 821 cui
1107 772 1367 821 frondibus
1402 773 1518 822 atris

223 856 449 906 intexunt
485 859 638 906 latera
675 867 724 906 et
759 856 921 905 feralis
957 865 1073 905 ante
1110 873 1369 919 cupressos

223 938 545 997 constituunt,
586 940 927 1002 decorantque
965 955 1115 1002 super
1149 938 1451 1001 fulgentibus
1487 938 1647 987 armis.

223 1037 333 1084 pars
370 1020 559 1069 calidos
596 1020 766 1069 latices
804 1030 853 1069 et
889 1024 1014 1069 aena
1051 1019 1291 1068 undantia
1327 1020 1539 1068 fiammis

223 1103 508 1166 expediunt,
548 1120 831 1166 corpusque
867 1106 1033 1152 lavant
1069 1102 1288 1166 frigentis
1325 1112 1374 1152 et
1410 1112 1650 1166 unguunt.

224 1187 278 1233 fit
312 1185 537 1249 gemitus.
613 1194 718 1233 tum
756 1186 981 1234 membra
1018 1194 1127 1233 toro
1164 1185 1347 1232 defleta
1381 1193 1631 1247 reponunt

223 1284 594 1331 purpureasque
631 1284 779 1331 super
814 1266 978 1327 vestis,
1017 1265 1264 1315 velamina
1299 1274 1432 1325 nota,

224 1348 491 1398 coniciunt.
565 1366 677 1412 pars
714 1348 902 1412 ingenti
939 1347 1134 1396 subiere
1170 1349 1360 1405 feretro,

224 1429 359 1478 triste
397 1429 736 1489 ministerium,
777 1439 826 1478 et
863 1429 1139 1477 subiectam
1177 1444 1315 1476 more
1351 1437 1612 1490 parentum

223 1511 379 1560 aversi
416 1521 619 1560 tenuere
655 1513 828 1560 facem.
904 1519 1141 1573 congesta
1177 1518 1460 1558 cremantur

224 1602 362 1642 turea
397 1594 545 1653 dona,
582 1595 751 1656 dapes,
784 1594 895 1641 fuso
933 1601 1143 1640 crateres
1180 1590 1325 1640 olivo.

222 1683 490 1737 postquam
527 1674 752 1738 conlapsi
789 1673 979 1722 cineres
1017 1682 1066 1721 et
1101 1674 1304 1721 flamma
1340 1671 1541 1735 quievit,

224 1755 454 1818 reliquias
491 1755 608 1804 vino
646 1764 694 1804 et
730 1755 956 1804 bibulam
993 1756 1154 1803 lavere
1190 1753 1421 1812 favillam,

226 1854 438 1900 ossaque
474 1839 603 1886 lecta
639 1839 767 1886 cado
803 1836 922 1885 texit
960 1837 1248 1899 Corynaeus
1285 1837 1426 1883 aeno.

224 1917 359 1966 idem
396 1927 469 1966 ter
505 1917 667 1966 socios
704 1934 827 1980 pura
864 1916 1165 1965 circumtulit
1201 1916 1338 1964 unda

225 2017 458 2064 spargens
495 2016 603 2048 rore
640 1998 736 2048 levi
773 2008 822 2047 et
858 2015 997 2047 ramo
1034 1997 1189 2046 felicis
1227 1997 1399 2056 olivae,

225 2081 546 2144 lustravitque
582 2081 713 2130 viros
750 2080 973 2143 dixitque
1010 2078 1281 2128 novissima
1315 2078 1477 2127 verba.

224 2173 273 2212 at
309 2163 419 2226 pius
457 2166 655 2211 Aeneas
692 2161 879 2226 ingenti
917 2163 1049 2210 mole
1087 2162 1370 2223 sepulcrum

226 2244 439 2307 imponit
476 2261 665 2308 suaque
701 2261 838 2292 arma
874 2243 978 2291 viro
1015 2258 1308 2304 remumque
1345 2242 1619 2304 tubamque

227 2336 398 2375 monte
435 2326 527 2375 sub
565 2325 712 2385 aerio,
753 2324 839 2388 qui
875 2341 1011 2373 nunc
1050 2323 1276 2372 Misenus
1312 2323 1376 2371 ab
1413 2322 1498 2371 illo

226 2408 405 2457 dicitur
440 2417 798 2471 aeternumque
835 2416 971 2455 tenet
1007 2423 1095 2469 per
1131 2406 1326 2454 saecula
1362 2420 1560 2453 nomen.

296 2489 393 2538 His
429 2489 551 2538 actis
587 2506 795 2553 propere
833 2487 1116 2552 exsequitur
1152 2495 1415 2550 praecepta
1451 2485 1677 2547 Sibyllae.

227 2573 464 2635 spelunca
498 2574 597 2619 alta
633 2571 724 2619 fuit
761 2580 1001 2633 vastoque
1037 2568 1270 2617 immanis
1307 2567 1458 2627 hiatu,

227 2671 446 2717 scrupea,
482 2662 588 2701 tuta
624 2655 734 2701 lacu
771 2652 911 2715 nigro
949 2666 1310 2713 nemorumque
1347 2647 1576 2707 tenebris,

227 2752 377 2798 quam
415 2752 562 2798 super
598 2736 733 2783 haud
770 2735 899 2782 ullae
937 2741 1166 2796 poterant
1202 2731 1407 2793 impune
1443 2731 1665 2778 volantes

1802 393 1805 396 ·
1827 384 1906 414 210

1828 791 1904 832 ²15

1831 1202 1908 1232 220

1827 1610 1904 1650 225

1828 2015 1908 2054 230

1767 2422 1769 2424 ’
1826 2423 1901 2463 235

282 2868 472 2916 209—218
494 2865 624 2904 MPR
641 2878 651 2914 ;
681 2878 874 2915 219—239
894 2863 1062 2902 FMPR
1262 2874 1339 2900 211
1373 2859 1664 2910 cunctantem]
1686 2858 1906 2897 haeserunt

226 2919 402 2969 editores,
427 2921 533 2959 nihil
563 2933 645 2959 non
671 2923 941 2970 proponentes
1107 2931 1188 2966 224
1220 2917 1334 2955 faces
1372 2914 1459 2965 ΡὙ1
1637 2924 1716 2962 225
1748 2910 1902 2963 dapes]

229 2975 370 3014 ferunt
391 2975 444 3013 Pl
464 2989 471 3013 :
505 2975 645 3013 ferent
664 2974 721 3013 Ρ2
741 2989 750 3013 :
781 2975 891 3023 dape
911 2974 1056 3011 ferunt
1075 2987 1105 3023 γ
1271 2982 1349 3019 231
1380 2968 1516 3020 viros]
1540 2968 1691 3007 domos
1711 2966 1817 3006 P1R
1878 3004 1883 3008 .
