2014 3372
212 152 264 200 P.
305 154 604 202 VERGILI
643 154 970 203 MARONIS

211 294 421 358 excipiat
460 294 645 359 (neque
682 294 816 343 enim
851 296 963 357 plus
1001 293 1210 358 septima
1246 293 1442 343 ducitur
1483 293 1679 359 aestas),
1733 343 1736 347 ,

209 386 260 424 at
295 393 450 440 genus
489 375 768 425 immortale
805 385 986 436 manet,
1026 378 1309 440 multosque
1345 393 1433 440 per
1466 393 1626 425 annos

210 467 305 506 stat
342 459 538 506 fortuna
574 459 767 517 domus,
808 466 857 505 et
892 457 970 506 avi
1006 467 1326 506 numerantur
1361 474 1578 507 avorum.

209 548 462 602 praeterea
498 555 663 602 regem
701 555 803 587 non
841 538 911 587 sic
947 541 1202 603 Aegyptus
1241 548 1289 587 et
1325 538 1499 602 ingens
1807 558 1886 586 210

210 620 369 683 Lydia
407 637 499 669 nec
536 620 710 684 populi
747 622 1041 670 Parthorum
1078 630 1163 669 aut
1202 622 1385 669 Medus
1425 621 1691 683 Hydaspes

212 703 489 750 observant.
565 719 678 766 rege
715 702 954 751 incolumi
993 720 1132 751 mens
1172 702 1405 752 omnibus
1442 719 1542 750 una
1577 711 1651 751 est
1670 719 1684 763 3

208 784 393 833 amisso
430 801 605 847 rupere
641 786 808 844 fidem,
849 794 1232 847 constructaque
1269 786 1416 833 mella

210 865 455 929 diripuere
492 866 629 929 ipsae
666 875 714 915 et
750 866 894 915 cratis
932 869 1120 915 solvere
1159 868 1396 915 favorum.

209 946 290 996 ille
329 965 534 1011 operum
573 957 753 1008 custos,
793 948 932 997 illum
968 948 1275 998 admirantur
1312 957 1361 997 et
1397 965 1573 996 omnes
1807 965 1884 1008 215

209 1029 530 1078 circumstant
567 1030 763 1079 fremitu
801 1032 958 1079 denso
997 1029 1281 1093 stipantque
1319 1032 1613 1093 frequentes,

210 1121 258 1160 et
295 1128 443 1174 saepe
479 1114 712 1161 attollunt
749 1112 929 1161 umeris
967 1122 1015 1160 et
1052 1129 1259 1175 corpora
1295 1113 1427 1161 bello

211 1192 464 1241 obiectant
500 1195 861 1256 pulchramque
897 1203 1072 1256 petunt
1109 1210 1196 1256 per
1232 1195 1434 1242 vulnera
1470 1202 1694 1242 mortem.

281 1273 377 1322 His
415 1274 619 1337 quidam
655 1273 805 1338 signis
841 1283 990 1338 atque
1026 1277 1149 1324 haec
1186 1277 1412 1338 exempla
1448 1274 1604 1323 secuti

211 1372 319 1404 esse
355 1355 532 1418 apibus
568 1365 759 1418 partem
796 1355 993 1405 divinae
1031 1356 1210 1405 mentis
1247 1366 1295 1405 et
1332 1358 1536 1404 haustus
1810 1376 1887 1404 220

210 1437 454 1486 aetherios
492 1437 657 1486 dixere
674 1456 688 1498 3
735 1439 886 1486 deum
924 1455 1141 1501 namque
1177 1438 1246 1487 ire
1281 1455 1369 1502 per
1405 1439 1567 1488 omnis

211 1528 462 1582 terrasque
499 1528 783 1582 tractusque
819 1519 965 1568 maris
1002 1522 1295 1583 caelumque
1331 1522 1635 1582 profundum
1653 1540 1666 1583 3

212 1599 329 1649 hinc
365 1602 599 1663 pecudes,
637 1610 874 1661 armenta,
913 1601 1056 1661 viros,
1095 1619 1251 1665 genus
1287 1619 1438 1651 omne
1473 1605 1699 1663 ferarum,

213 1699 464 1745 quemque
501 1682 595 1731 sibi
632 1682 793 1731 tenuis
831 1692 1119 1732 nascentem
1155 1700 1400 1732 arcessere
1435 1684 1591 1733 vitas:

213 1762 399 1811 scilicet
436 1764 534 1812 huc
571 1763 713 1813 reddi
749 1764 933 1814 deinde
968 1782 1027 1814 ac
1063 1763 1278 1815 resoluta
1314 1767 1478 1815 referri
1711 1790 1713 1792 ·
1811 1788 1885 1830 225

213 1842 395 1902 omnia,
434 1860 527 1891 nec
565 1843 711 1892 morti
748 1861 855 1893 esse
892 1847 1073 1905 locum,
1114 1848 1202 1895 sed
1238 1846 1350 1895 viva
1384 1849 1549 1897 volare

214 1923 385 1972 sideris
422 1923 473 1971 in
510 1941 772 1973 numerum
808 1935 958 1989 atque
994 1929 1095 1975 alto
1132 1929 1400 1977 succedere
1437 1931 1587 1978 caelo.

281 2005 332 2054 Si
369 2008 573 2068 quando
610 2009 781 2056 sedem
817 2016 1076 2072 augustam
1113 2019 1402 2073 servataque
1438 2013 1585 2059 mella

213 2086 429 2136 thesauri
466 2087 657 2148 relines,
696 2088 830 2152 prius
867 2091 1046 2139 haustu
1085 2107 1280 2154 sparsus
1317 2109 1556 2155 aquarum

214 2187 298 2218 ora
334 2171 460 2229 fove,
499 2171 764 2233 fumosque
801 2188 951 2219 manu
987 2174 1258 2234 praetende
1295 2173 1534 2236 sequacis.
1811 2196 1888 2236 230

213 2251 289 2300 bis
325 2251 552 2315 gravidos
590 2262 774 2315 cogunt
810 2255 952 2312 fetus,
992 2255 1094 2302 duo
1131 2263 1356 2317 tempora
1391 2254 1597 2303 messis:

213 2335 432 2396 Taygete
469 2332 615 2381 simul
652 2350 707 2382 os
743 2333 881 2382 terris
918 2337 1136 2386 ostendit
1173 2339 1440 2386 honesturn

215 2408 357 2462 Pleas
394 2423 442 2462 et
480 2414 670 2463 Oceani
706 2425 895 2478 spretos
932 2421 1062 2480 pede
1099 2421 1311 2484 reppulit
1347 2423 1519 2483 amnis,

213 2504 297 2543 aut
334 2497 510 2544 eadem
548 2496 684 2546 sidus
720 2498 912 2562 fugiens
949 2501 1035 2550 ubi
1074 2503 1228 2552 Piscis
1265 2505 1440 2569 aquosi

269 2640 458 2677 207-234
481 2628 613 2667 MPR
720 2647 797 2673 211
832 2636 925 2681 aut]
948 2643 990 2675 et
1012 2635 1078 2673 M¹
1185 2650 1263 2686 217
1297 2642 1471 2687 pectora
1497 2636 1540 2674 P
1637 2650 1713 2675 221
1747 2637 1888 2677 omnia

213 2681 454 2732 Peerlkamp
474 2683 643 2723 Ribbeck
782 2703 861 2727 222
892 2696 1098 2729 terrarum
1125 2690 1179 2728 M
1181 2693 1194 2712 ”’
1335 2704 1412 2740 227
1444 2691 1699 2736 succedere]
1719 2704 1767 2730 SC
1788 2705 1886 2731 COU-

214 2737 318 2774 dere
350 2735 393 2773 R
563 2744 643 2780 228
674 2750 895 2793 angustam
918 2745 1026 2782 Rc¹1r
1196 2759 1277 2794 229
1306 2747 1526 2785 thensauri
1547 2745 1609 2783 P:
1641 2747 1885 2785 thensauris

213 2789 326 2840 137¹:
370 2792 582 2834 thesauris
615 2796 756 2846 M7²bc
784 2798 899 2839 Serv.
1018 2801 1180 2839 retines
1214 2799 1258 2838 P
1363 2806 1456 2839 astu
1493 2797 1547 2837 M
1551 2801 1564 2822 ¹
1702 2813 1785 2850 230
1811 2813 1888 2839 01'a

214 2843 268 2881 M
269 2844 349 2883 ²b²c
363 2860 382 2908 :-
396 2861 471 2886 ore
490 2848 692 2904 M1PR72
706 2853 820 2893 Serv.
837 2854 1148 2906 Philargyrz‘us:
1171 2868 1273 2894 orae
1289 2854 1332 2904 7¹
1408 2855 1501 2893 fave
1515 2854 1569 2892 M
1574 2854 1588 2876 ¹
1600 2853 1888 2904 Philargyn'us

213 2906 397 2950 agnosczt
419 2904 532 2946 Serv,
641 2909 736 2947 sinu
775 2908 820 2948 P.
848 2914 946 2960 post
970 2910 1083 2948 hunc
1111 2923 1276 2948 versum
1304 2910 1497 2958 236-238
1517 2910 1702 2947 inserunt
1718 2907 1888 2959 Bentley

213 2954 423 2997 Schrader
437 2961 608 3001 Ribbeck
731 2975 807 3012 231
842 2965 955 3003 fetus
977 2962 1140 3015 MR7b2
1161 2963 1275 3004 Serv.
1299 2979 1307 3003 :
1337 2964 1466 3003 flores
1478 2963 1527 3003 P.
1577 2964 1730 3002 ‘flores
1752 2976 1884 3002 emen-

214 3009 358 3049 datum
367 3014 477 3063 fuz't’
502 3017 790 3068 Philargyrius
