2014 3372
450 731 517 798 P.
570 731 970 797 VERGILI
1038 730 1489 798 MARONIS

656 897 1279 971 AENEIDOS

793 1079 1011 1126 LIBER
1046 1079 1151 1126 VII

201 1230 284 1276 TV
323 1244 524 1291 quoque
558 1227 783 1276 litoribus
819 1227 1013 1287 nostris,
1051 1227 1243 1276 Aeneia
1278 1226 1454 1287 nutrix,

132 1319 385 1358 aeternam
421 1308 636 1357 moriens
672 1310 870 1369 famam,
909 1308 1095 1368 Caieta,
1135 1307 1316 1357 dedisti
1333 1327 1346 1369 3

136 1400 187 1439 et
223 1407 358 1439 nunc
394 1399 552 1439 servat
587 1391 749 1439 honos
786 1391 957 1439 sedem
994 1399 1121 1449 tuus,
1160 1407 1372 1452 ossaque
1408 1405 1595 1438 nomen

139 1470 385 1535 Hesperia
420 1471 471 1518 in
508 1487 697 1533 magna,
739 1471 779 1519 si
816 1488 914 1534 qua
949 1480 1022 1519 est
1058 1488 1116 1519 ea
1150 1470 1317 1533 gloria,
1356 1469 1528 1532 signat.

203 1555 273 1600 At
304 1544 414 1615 pius
451 1551 694 1614 exsequiis
730 1554 927 1600 Aeneas
963 1551 1052 1600 rite
1089 1551 1275 1610 solutis,

135 1649 309 1696 aggere
345 1632 625 1695 composito
663 1632 854 1692 tumuli,
895 1642 1161 1695 postquam
1195 1635 1296 1680 alta
1331 1632 1563 1695 quierunt

133 1731 364 1777 aequora,
403 1714 562 1763 tendit
598 1715 689 1763 iter
724 1714 844 1763 velis
880 1724 1180 1778 portumque
1216 1713 1461 1776 relinquit.

133 1794 352 1856 aspirant
388 1812 536 1843 aurae
572 1794 622 1842 in
660 1805 861 1844 noctem
898 1812 991 1844 nec
1027 1795 1243 1844 candida
1278 1812 1448 1843 cursus

137 1877 254 1924 luna
291 1885 451 1938 negat,
490 1877 718 1938 splendet
754 1878 964 1924 tremulo
1002 1876 1093 1924 sub
1130 1875 1317 1923 lumine
1350 1883 1547 1937 pontus.

136 1956 358 2019 proxima
394 1956 627 2006 Circaeae
663 1959 900 2006 raduntur
935 1957 1077 2005 litora
1112 1965 1281 2015 terrae,

136 2037 275 2085 dives
311 2036 589 2086 inaccessos
627 2037 713 2086 ubi
750 2037 876 2087 Solis
913 2037 1011 2085 filia
1046 2040 1185 2085 lucos

135 2117 350 2166 adsiduo
386 2128 582 2166 resonat
619 2128 781 2178 cantu,
821 2117 1062 2181 tectisque
1098 2117 1322 2180 superbis

138 2198 234 2247 urit
271 2201 527 2248 odoratam
564 2209 806 2248 nocturna
841 2200 891 2247 in
929 2199 1117 2248 lumina
1152 2201 1357 2248 cedrum

137 2289 310 2342 arguto
346 2281 506 2329 tenuis
542 2298 828 2343 percurrens
865 2281 1061 2344 pectine
1098 2282 1231 2329 telas.

139 2360 256 2408 hinc
292 2361 510 2410 exaudiri
545 2362 755 2425 gemitus
793 2362 991 2425 iraeque
1027 2363 1231 2409 leonum

140 2440 302 2489 vincla
337 2452 652 2492 recusantum
689 2451 737 2490 et
774 2459 881 2490 sera
917 2442 1009 2490 sub
1047 2450 1194 2490 nocte
1230 2443 1510 2500 rudentum,

139 2522 463 2586 saetigerique
500 2540 610 2571 sues
646 2531 795 2585 atque
831 2522 882 2571 in
918 2522 1237 2585 praesepibus
1273 2521 1371 2570 ursi

139 2602 325 2652 saevire
360 2620 419 2651 ac
454 2605 641 2651 formae
677 2619 969 2665 magnorum
1005 2603 1191 2652 ululare
1227 2604 1471 2665 luporum,

143 2700 269 2746 quos
305 2683 566 2732 hominum
603 2701 663 2732 ex
698 2683 822 2731 facie
859 2685 953 2732 dea
989 2700 1133 2731 saeva
1168 2682 1453 2744 potentibus
1489 2681 1654 2730 herbis

142 2763 370 2812 induerat
407 2762 550 2812 Circe
585 2762 637 2810 in
672 2766 834 2812 vultus
871 2780 930 2811 ac
964 2772 1097 2826 terga
1133 2765 1356 2811 ferarum.

1762 1976 1812 2004 10

1762 2380 1808 2419 15

1763 2785 1814 2811 20

202 2906 278 2941 1-4
308 2891 466 2942 MPR;
496 2905 604 2941 5—20
623 2891 790 2930 FMPR
941 2906 965 2931 2
997 2892 1150 2930 samam
1170 2891 1356 2931 moriens
1375 2889 1480 2941 P¹71
1590 2904 1615 2938 4
1644 2891 1815 2940 signant

146 2945 306 2997 MP7¹rt
400 2959 422 2996 7
445 2952 593 2997 portus
606 2946 675 2997 Py
798 2947 824 2985 8
846 2958 1014 2986 cursum
1027 2945 1105 2985 Rc2
1221 2957 1270 2996 13
1290 2951 1501 2987 nocturno
1522 2945 1566 2983 in
1587 2945 1745 2984 lumine
1765 2945 1814 2984 M

147 3002 199 3039 16
228 2999 345 3051 sera]
366 3013 495 3040 saeva
514 3001 557 3039 P
