<?xml version="1.0" encoding="UTF-8"?>
<!DOCTYPE html PUBLIC "-//W3C//DTD XHTML 1.0 Transitional//EN"
    "http://www.w3.org/TR/xhtml1/DTD/xhtml1-transitional.dtd">
<html xmlns="http://www.w3.org/1999/xhtml" xml:lang="en" lang="en">
 <head>
  <title>
</title>
<meta http-equiv="Content-Type" content="text/html;charset=utf-8" />
  <meta name='ocr-system' content='tesseract 3.04.00' />
  <meta name='ocr-capabilities' content='ocr_page ocr_carea ocr_par ocr_line ocrx_word'/>
</head>
<body>
  <div class='ocr_page' id='page_1' title='image "./operarecognovitb00virguoft_0325.png"; bbox 0 0 2014 3372; ppageno 0'>
   <div class='ocr_carea' id='block_1_1' title="bbox 1288 137 1824 186">
    <p class='ocr_par' dir='ltr' id='par_1_1' title="bbox 1288 137 1824 186">
     <span class='ocr_line' id='line_1_1' title="bbox 1288 137 1824 186; baseline -0.002 -1"><span class='ocrx_word' id='word_1_1' title='bbox 1288 137 1652 186; x_wconf 91' lang='lat' dir='ltr'>AENEIDOS</span> <span class='ocrx_word' id='word_1_2' title='bbox 1687 137 1824 184; x_wconf 92' lang='lat' dir='ltr'>VIII</span> 
     </span>
    </p>
   </div>
   <div class='ocr_carea' id='block_1_2' title="bbox 141 276 1827 2772">
    <p class='ocr_par' dir='ltr' id='par_1_2' title="bbox 141 276 1827 1149">
     <span class='ocr_line' id='line_1_2' title="bbox 157 276 1299 330; baseline -0.004 -1"><span class='ocrx_word' id='word_1_3' title='bbox 157 279 337 330; x_wconf 88' lang='lat' dir='ltr'><strong>talibus</strong></span> <span class='ocrx_word' id='word_1_4' title='bbox 373 280 499 329; x_wconf 89' lang='lat' dir='ltr'><strong>inter</strong></span> <span class='ocrx_word' id='word_1_5' title='bbox 531 296 583 328; x_wconf 92' lang='lat' dir='ltr'><strong>se</strong></span> <span class='ocrx_word' id='word_1_6' title='bbox 619 278 763 328; x_wconf 91' lang='lat' dir='ltr'><strong>dictis</strong></span> <span class='ocrx_word' id='word_1_7' title='bbox 798 280 863 327; x_wconf 92' lang='lat' dir='ltr'><strong>ad</strong></span> <span class='ocrx_word' id='word_1_8' title='bbox 899 286 1030 327; x_wconf 88' lang='lat' dir='ltr'><strong>tecta</strong></span> <span class='ocrx_word' id='word_1_9' title='bbox 1066 276 1299 326; x_wconf 83' lang='lat' dir='ltr'>subibant</span> 
     </span>
     <span class='ocr_line' id='line_1_3' title="bbox 157 357 1827 425; baseline -0.004 -15"><span class='ocrx_word' id='word_1_10' title='bbox 157 361 386 425; x_wconf 87' lang='lat' dir='ltr'><strong>pauperis</strong></span> <span class='ocrx_word' id='word_1_11' title='bbox 424 359 658 419; x_wconf 89' lang='lat' dir='ltr'><strong>Euandri,</strong></span> <span class='ocrx_word' id='word_1_12' title='bbox 697 358 982 423; x_wconf 84' lang='lat' dir='ltr'><strong>passimque</strong></span> <span class='ocrx_word' id='word_1_13' title='bbox 1017 367 1240 407; x_wconf 91' lang='lat' dir='ltr'><strong>armenta</strong></span> <span class='ocrx_word' id='word_1_14' title='bbox 1274 357 1511 406; x_wconf 90' lang='lat' dir='ltr'><strong>videbant</strong></span> <span class='ocrx_word' id='word_1_15' title='bbox 1747 365 1827 415; x_wconf 82' lang='lat'><strong>360</strong></span> 
     </span>
     <span class='ocr_line' id='line_1_4' title="bbox 160 436 1368 503; baseline -0.003 -15"><span class='ocrx_word' id='word_1_16' title='bbox 160 442 494 503; x_wconf 89' lang='lat' dir='ltr'><strong>Romanoque</strong></span> <span class='ocrx_word' id='word_1_17' title='bbox 529 441 637 487; x_wconf 89' lang='lat' dir='ltr'><strong>foro</strong></span> <span class='ocrx_word' id='word_1_18' title='bbox 673 447 721 487; x_wconf 92' lang='lat' dir='ltr'><strong>et</strong></span> <span class='ocrx_word' id='word_1_19' title='bbox 757 438 901 486; x_wconf 89' lang='lat' dir='ltr'><strong>lautis</strong></span> <span class='ocrx_word' id='word_1_20' title='bbox 939 437 1125 500; x_wconf 86' lang='lat' dir='ltr'><strong>mugire</strong></span> <span class='ocrx_word' id='word_1_21' title='bbox 1163 436 1368 487; x_wconf 88' lang='lat' dir='ltr'><strong>Carinis.</strong></span> 
     </span>
     <span class='ocr_line' id='line_1_5' title="bbox 157 517 1589 582; baseline -0.004 -11"><span class='ocrx_word' id='word_1_22' title='bbox 157 532 211 571; x_wconf 91' lang='lat' dir='ltr'><strong>ut</strong></span> <span class='ocrx_word' id='word_1_23' title='bbox 246 532 448 571; x_wconf 90' lang='lat' dir='ltr'><strong>ventum</strong></span> <span class='ocrx_word' id='word_1_24' title='bbox 484 523 549 570; x_wconf 90' lang='lat' dir='ltr'><strong>ad</strong></span> <span class='ocrx_word' id='word_1_25' title='bbox 585 523 742 580; x_wconf 90' lang='lat' dir='ltr'><strong>sedes,</strong></span> <span class='ocrx_word' id='word_1_26' title='bbox 784 522 965 568; x_wconf 86' lang='lat' dir='ltr'><strong>‘haec&#39;</strong></span> <span class='ocrx_word' id='word_1_27' title='bbox 1002 519 1163 582; x_wconf 90' lang='lat' dir='ltr'><strong>inquit</strong></span> <span class='ocrx_word' id='word_1_28' title='bbox 1203 517 1400 566; x_wconf 91' lang='lat' dir='ltr'><strong>‘limina</strong></span> <span class='ocrx_word' id='word_1_29' title='bbox 1433 517 1589 566; x_wconf 89' lang='lat' dir='ltr'><strong>victor</strong></span> 
     </span>
     <span class='ocr_line' id='line_1_6' title="bbox 155 599 1240 663; baseline -0.006 -10"><span class='ocrx_word' id='word_1_30' title='bbox 155 604 358 654; x_wconf 86' lang='lat' dir='ltr'>Alcides</span> <span class='ocrx_word' id='word_1_31' title='bbox 395 603 556 662; x_wconf 87' lang='lat' dir='ltr'><strong>subiit,</strong></span> <span class='ocrx_word' id='word_1_32' title='bbox 597 604 720 651; x_wconf 90' lang='lat' dir='ltr'><strong>haec</strong></span> <span class='ocrx_word' id='word_1_33' title='bbox 755 601 894 649; x_wconf 90' lang='lat' dir='ltr'><strong>illum</strong></span> <span class='ocrx_word' id='word_1_34' title='bbox 931 600 1062 663; x_wconf 90' lang='lat' dir='ltr'><strong>regia</strong></span> <span class='ocrx_word' id='word_1_35' title='bbox 1097 599 1240 662; x_wconf 84' lang='lat' dir='ltr'><strong>cepit.</strong></span> 
     </span>
     <span class='ocr_line' id='line_1_7' title="bbox 156 678 1697 747; baseline -0.005 -13"><span class='ocrx_word' id='word_1_36' title='bbox 156 687 299 745; x_wconf 90' lang='lat' dir='ltr'><strong>aude,</strong></span> <span class='ocrx_word' id='word_1_37' title='bbox 338 687 532 747; x_wconf 86' lang='lat' dir='ltr'><strong>hospes,</strong></span> <span class='ocrx_word' id='word_1_38' title='bbox 572 692 890 732; x_wconf 84' lang='lat' dir='ltr'><strong>contemnere</strong></span> <span class='ocrx_word' id='word_1_39' title='bbox 927 699 1046 745; x_wconf 91' lang='lat' dir='ltr'><strong>opes</strong></span> <span class='ocrx_word' id='word_1_40' title='bbox 1083 690 1131 729; x_wconf 91' lang='lat' dir='ltr'><strong>et</strong></span> <span class='ocrx_word' id='word_1_41' title='bbox 1167 689 1215 728; x_wconf 94' lang='lat' dir='ltr'><strong>te</strong></span> <span class='ocrx_word' id='word_1_42' title='bbox 1251 696 1454 743; x_wconf 93' lang='lat' dir='ltr'><strong>quoque</strong></span> <span class='ocrx_word' id='word_1_43' title='bbox 1490 678 1697 742; x_wconf 90' lang='lat' dir='ltr'><strong>dignum</strong></span> 
     </span>
     <span class='ocr_line' id='line_1_8' title="bbox 156 760 1824 829; baseline -0.005 -15"><span class='ocrx_word' id='word_1_44' title='bbox 156 768 285 829; x_wconf 88' lang='lat' dir='ltr'><strong>finge</strong></span> <span class='ocrx_word' id='word_1_45' title='bbox 321 767 431 824; x_wconf 88' lang='lat' dir='ltr'><strong>deo,</strong></span> <span class='ocrx_word' id='word_1_46' title='bbox 470 765 716 827; x_wconf 88' lang='lat' dir='ltr'><strong>rebusque</strong></span> <span class='ocrx_word' id='word_1_47' title='bbox 751 763 864 811; x_wconf 91' lang='lat' dir='ltr'><strong>veni</strong></span> <span class='ocrx_word' id='word_1_48' title='bbox 900 779 1002 811; x_wconf 91' lang='lat' dir='ltr'><strong>non</strong></span> <span class='ocrx_word' id='word_1_49' title='bbox 1037 778 1180 824; x_wconf 84' lang='lat' dir='ltr'><strong>asper</strong></span> <span class='ocrx_word' id='word_1_50' title='bbox 1215 760 1412 824; x_wconf 88' lang='lat' dir='ltr'><strong>egenis.&#39;</strong></span> <span class='ocrx_word' id='word_1_51' title='bbox 1745 767 1824 818; x_wconf 86' lang='lat'><strong>365</strong></span> 
     </span>
     <span class='ocr_line' id='line_1_9' title="bbox 141 842 1187 908; baseline -0.005 -13"><span class='ocrx_word' id='word_1_52' title='bbox 141 846 290 905; x_wconf 87' lang='lat' dir='ltr'>dixit,</span> <span class='ocrx_word' id='word_1_53' title='bbox 330 855 379 894; x_wconf 93' lang='lat' dir='ltr'><strong>et</strong></span> <span class='ocrx_word' id='word_1_54' title='bbox 413 844 607 908; x_wconf 87' lang='lat' dir='ltr'><strong>angusti</strong></span> <span class='ocrx_word' id='word_1_55' title='bbox 643 845 811 893; x_wconf 90' lang='lat' dir='ltr'><strong>subter</strong></span> <span class='ocrx_word' id='word_1_56' title='bbox 846 843 1036 906; x_wconf 91' lang='lat' dir='ltr'><strong>fastigia</strong></span> <span class='ocrx_word' id='word_1_57' title='bbox 1070 842 1187 891; x_wconf 90' lang='lat' dir='ltr'><strong>tecti</strong></span> 
     </span>
     <span class='ocr_line' id='line_1_10' title="bbox 156 922 1338 989; baseline -0.004 -14"><span class='ocrx_word' id='word_1_58' title='bbox 156 927 408 989; x_wconf 90' lang='lat' dir='ltr'><strong>ingentem</strong></span> <span class='ocrx_word' id='word_1_59' title='bbox 444 928 652 974; x_wconf 81' lang='lat' dir='ltr'><strong>Aenean</strong></span> <span class='ocrx_word' id='word_1_60' title='bbox 689 925 827 973; x_wconf 91' lang='lat' dir='ltr'><strong>duxit</strong></span> <span class='ocrx_word' id='word_1_61' title='bbox 863 924 1122 987; x_wconf 91' lang='lat' dir='ltr'><strong>stratisque</strong></span> <span class='ocrx_word' id='word_1_62' title='bbox 1156 922 1338 971; x_wconf 89' lang='lat' dir='ltr'><strong>locavit</strong></span> 
     </span>
     <span class='ocr_line' id='line_1_11' title="bbox 156 1005 1303 1068; baseline -0.003 -13"><span class='ocrx_word' id='word_1_63' title='bbox 156 1009 378 1056; x_wconf 88' lang='lat' dir='ltr'><strong>effultum</strong></span> <span class='ocrx_word' id='word_1_64' title='bbox 415 1006 543 1055; x_wconf 92' lang='lat' dir='ltr'><strong>foliis</strong></span> <span class='ocrx_word' id='word_1_65' title='bbox 580 1015 628 1054; x_wconf 94' lang='lat' dir='ltr'><strong>et</strong></span> <span class='ocrx_word' id='word_1_66' title='bbox 664 1008 792 1068; x_wconf 92' lang='lat' dir='ltr'><strong>pelle</strong></span> <span class='ocrx_word' id='word_1_67' title='bbox 828 1005 1097 1068; x_wconf 84' lang='lat' dir='ltr'><strong>Libystidis</strong></span> <span class='ocrx_word' id='word_1_68' title='bbox 1132 1021 1303 1053; x_wconf 90' lang='lat' dir='ltr'><strong>ursae:</strong></span> 
     </span>
     <span class='ocr_line' id='line_1_12' title="bbox 156 1084 1399 1149; baseline -0.003 -13"><span class='ocrx_word' id='word_1_69' title='bbox 156 1105 255 1137; x_wconf 91' lang='lat' dir='ltr'><strong>nox</strong></span> <span class='ocrx_word' id='word_1_70' title='bbox 289 1087 384 1136; x_wconf 93' lang='lat' dir='ltr'><strong>ruit</strong></span> <span class='ocrx_word' id='word_1_71' title='bbox 420 1096 468 1136; x_wconf 91' lang='lat' dir='ltr'><strong>et</strong></span> <span class='ocrx_word' id='word_1_72' title='bbox 503 1087 652 1135; x_wconf 90' lang='lat' dir='ltr'><strong>fuscis</strong></span> <span class='ocrx_word' id='word_1_73' title='bbox 690 1089 914 1135; x_wconf 92' lang='lat' dir='ltr'><strong>tellurem</strong></span> <span class='ocrx_word' id='word_1_74' title='bbox 950 1085 1263 1149; x_wconf 89' lang='lat' dir='ltr'><strong>amplectitur</strong></span> <span class='ocrx_word' id='word_1_75' title='bbox 1297 1084 1399 1133; x_wconf 90' lang='lat' dir='ltr'><strong>alis.</strong></span> 
     </span>
    </p>

    <p class='ocr_par' dir='ltr' id='par_1_3' title="bbox 153 1166 1826 2772">
     <span class='ocr_line' id='line_1_13' title="bbox 222 1166 1826 1230; baseline -0.004 -13"><span class='ocrx_word' id='word_1_76' title='bbox 222 1172 291 1217; x_wconf 95' lang='lat' dir='ltr'><strong>At</strong></span> <span class='ocrx_word' id='word_1_77' title='bbox 326 1171 497 1216; x_wconf 92' lang='lat' dir='ltr'><strong>Venus</strong></span> <span class='ocrx_word' id='word_1_78' title='bbox 533 1170 669 1216; x_wconf 89' lang='lat' dir='ltr'><strong>haud</strong></span> <span class='ocrx_word' id='word_1_79' title='bbox 703 1168 871 1217; x_wconf 89' lang='lat' dir='ltr'><strong>animo</strong></span> <span class='ocrx_word' id='word_1_80' title='bbox 908 1167 1212 1230; x_wconf 91' lang='lat' dir='ltr'><strong>nequiquam</strong></span> <span class='ocrx_word' id='word_1_81' title='bbox 1248 1166 1474 1215; x_wconf 88' lang='lat' dir='ltr'><strong>exterrita</strong></span> <span class='ocrx_word' id='word_1_82' title='bbox 1510 1173 1665 1213; x_wconf 90' lang='lat' dir='ltr'><strong>mater</strong></span> <span class='ocrx_word' id='word_1_83' title='bbox 1747 1183 1826 1225; x_wconf 80' lang='lat'><strong>370</strong></span> 
     </span>
     <span class='ocr_line' id='line_1_14' title="bbox 156 1249 1411 1312; baseline -0.002 -14"><span class='ocrx_word' id='word_1_84' title='bbox 156 1252 560 1312; x_wconf 89' lang='lat' dir='ltr'><strong>Laurentumque</strong></span> <span class='ocrx_word' id='word_1_85' title='bbox 596 1249 742 1298; x_wconf 90' lang='lat' dir='ltr'><strong>minis</strong></span> <span class='ocrx_word' id='word_1_86' title='bbox 779 1259 828 1299; x_wconf 93' lang='lat' dir='ltr'><strong>et</strong></span> <span class='ocrx_word' id='word_1_87' title='bbox 863 1251 988 1298; x_wconf 91' lang='lat' dir='ltr'><strong>duro</strong></span> <span class='ocrx_word' id='word_1_88' title='bbox 1024 1258 1161 1297; x_wconf 92' lang='lat' dir='ltr'><strong>mota</strong></span> <span class='ocrx_word' id='word_1_89' title='bbox 1195 1250 1411 1296; x_wconf 89' lang='lat' dir='ltr'><strong>tumultu</strong></span> 
     </span>
     <span class='ocr_line' id='line_1_15' title="bbox 156 1328 1727 1393; baseline -0.002 -15"><span class='ocrx_word' id='word_1_90' title='bbox 156 1334 435 1380; x_wconf 89' lang='lat' dir='ltr'><strong>Volcanum</strong></span> <span class='ocrx_word' id='word_1_91' title='bbox 471 1330 765 1393; x_wconf 91' lang='lat' dir='ltr'><strong>adloquitur,</strong></span> <span class='ocrx_word' id='word_1_92' title='bbox 806 1333 1124 1393; x_wconf 89' lang='lat' dir='ltr'><strong>thalamoque</strong></span> <span class='ocrx_word' id='word_1_93' title='bbox 1159 1331 1283 1377; x_wconf 92' lang='lat' dir='ltr'><strong>haec</strong></span> <span class='ocrx_word' id='word_1_94' title='bbox 1319 1328 1543 1392; x_wconf 91' lang='lat' dir='ltr'><strong>coniugis</strong></span> <span class='ocrx_word' id='word_1_95' title='bbox 1578 1344 1727 1376; x_wconf 88' lang='lat' dir='ltr'><strong>aureo</strong></span> 
     </span>
     <span class='ocr_line' id='line_1_16' title="bbox 157 1411 1357 1475; baseline -0.003 -14"><span class='ocrx_word' id='word_1_96' title='bbox 157 1412 327 1475; x_wconf 88' lang='lat' dir='ltr'><strong>incipit</strong></span> <span class='ocrx_word' id='word_1_97' title='bbox 364 1421 412 1460; x_wconf 93' lang='lat' dir='ltr'><strong>et</strong></span> <span class='ocrx_word' id='word_1_98' title='bbox 449 1411 593 1460; x_wconf 93' lang='lat' dir='ltr'><strong>dictis</strong></span> <span class='ocrx_word' id='word_1_99' title='bbox 630 1411 855 1460; x_wconf 90' lang='lat' dir='ltr'><strong>divinum</strong></span> <span class='ocrx_word' id='word_1_100' title='bbox 891 1411 1072 1473; x_wconf 89' lang='lat' dir='ltr'><strong>aspirat</strong></span> <span class='ocrx_word' id='word_1_101' title='bbox 1107 1426 1357 1458; x_wconf 90' lang='lat' dir='ltr'><strong>amorem:</strong></span> 
     </span>
     <span class='ocr_line' id='line_1_17' title="bbox 159 1492 1524 1556; baseline -0.003 -14"><span class='ocrx_word' id='word_1_102' title='bbox 159 1495 307 1542; x_wconf 92' lang='lat' dir='ltr'><strong>‘dum</strong></span> <span class='ocrx_word' id='word_1_103' title='bbox 344 1494 475 1541; x_wconf 94' lang='lat' dir='ltr'><strong>bello</strong></span> <span class='ocrx_word' id='word_1_104' title='bbox 511 1492 730 1556; x_wconf 86' lang='lat' dir='ltr'><strong>Argolici</strong></span> <span class='ocrx_word' id='word_1_105' title='bbox 764 1493 1023 1541; x_wconf 89' lang='lat' dir='ltr'><strong>vastabant</strong></span> <span class='ocrx_word' id='word_1_106' title='bbox 1060 1494 1298 1554; x_wconf 86' lang='lat' dir='ltr'><strong>Pergama</strong></span> <span class='ocrx_word' id='word_1_107' title='bbox 1332 1507 1470 1554; x_wconf 90' lang='lat' dir='ltr'><strong>reges</strong></span> <span class='ocrx_word' id='word_1_108' title='bbox 1520 1520 1524 1524; x_wconf 77' lang='lat'>,</span> 
     </span>
     <span class='ocr_line' id='line_1_18' title="bbox 156 1572 1821 1635; baseline -0.003 -12"><span class='ocrx_word' id='word_1_109' title='bbox 156 1574 324 1623; x_wconf 92' lang='lat' dir='ltr'><strong>debita</strong></span> <span class='ocrx_word' id='word_1_110' title='bbox 360 1590 655 1635; x_wconf 89' lang='lat' dir='ltr'><strong>casurasque</strong></span> <span class='ocrx_word' id='word_1_111' title='bbox 690 1573 903 1621; x_wconf 89' lang='lat' dir='ltr'><strong>inimicis</strong></span> <span class='ocrx_word' id='word_1_112' title='bbox 939 1572 1135 1635; x_wconf 84' lang='lat' dir='ltr'><strong>ignibus</strong></span> <span class='ocrx_word' id='word_1_113' title='bbox 1171 1588 1321 1630; x_wconf 86' lang='lat' dir='ltr'><strong>arceS,</strong></span> <span class='ocrx_word' id='word_1_114' title='bbox 1741 1590 1821 1631; x_wconf 82' lang='lat'><strong>375</strong></span> 
     </span>
     <span class='ocr_line' id='line_1_19' title="bbox 154 1651 1475 1715; baseline -0.003 -11"><span class='ocrx_word' id='word_1_115' title='bbox 154 1673 257 1704; x_wconf 91' lang='lat' dir='ltr'><strong>non</strong></span> <span class='ocrx_word' id='word_1_116' title='bbox 294 1657 449 1703; x_wconf 91' lang='lat' dir='ltr'><strong>ullum</strong></span> <span class='ocrx_word' id='word_1_117' title='bbox 486 1655 721 1703; x_wconf 91' lang='lat' dir='ltr'><strong>auxilium</strong></span> <span class='ocrx_word' id='word_1_118' title='bbox 758 1654 961 1714; x_wconf 90' lang='lat' dir='ltr'><strong>miseris,</strong></span> <span class='ocrx_word' id='word_1_119' title='bbox 1001 1671 1102 1702; x_wconf 91' lang='lat' dir='ltr'><strong>non</strong></span> <span class='ocrx_word' id='word_1_120' title='bbox 1139 1670 1274 1701; x_wconf 91' lang='lat' dir='ltr'><strong>arma</strong></span> <span class='ocrx_word' id='word_1_121' title='bbox 1309 1651 1475 1715; x_wconf 91' lang='lat' dir='ltr'><strong>rogavi</strong></span> 
     </span>
     <span class='ocr_line' id='line_1_20' title="bbox 154 1733 1463 1799; baseline -0.002 -15"><span class='ocrx_word' id='word_1_122' title='bbox 154 1736 269 1784; x_wconf 90' lang='lat' dir='ltr'><strong>artis</strong></span> <span class='ocrx_word' id='word_1_123' title='bbox 306 1736 514 1799; x_wconf 91' lang='lat' dir='ltr'><strong>opisque</strong></span> <span class='ocrx_word' id='word_1_124' title='bbox 550 1744 677 1795; x_wconf 87' lang='lat' dir='ltr'><strong>tuae,</strong></span> <span class='ocrx_word' id='word_1_125' title='bbox 716 1752 810 1784; x_wconf 90' lang='lat' dir='ltr'><strong>nec</strong></span> <span class='ocrx_word' id='word_1_126' title='bbox 846 1744 908 1794; x_wconf 95' lang='lat' dir='ltr'><strong>te,</strong></span> <span class='ocrx_word' id='word_1_127' title='bbox 948 1734 1196 1783; x_wconf 89' lang='lat' dir='ltr'><strong>carissime</strong></span> <span class='ocrx_word' id='word_1_128' title='bbox 1232 1733 1463 1793; x_wconf 88' lang='lat' dir='ltr'><strong>coniunx,</strong></span> 
     </span>
     <span class='ocr_line' id='line_1_21' title="bbox 155 1816 1286 1874; baseline -0.002 -9"><span class='ocrx_word' id='word_1_129' title='bbox 155 1817 466 1866; x_wconf 90' lang='lat' dir='ltr'><strong>incassumve</strong></span> <span class='ocrx_word' id='word_1_130' title='bbox 503 1826 615 1865; x_wconf 94' lang='lat' dir='ltr'><strong>tuos</strong></span> <span class='ocrx_word' id='word_1_131' title='bbox 650 1816 784 1865; x_wconf 91' lang='lat' dir='ltr'><strong>volui</strong></span> <span class='ocrx_word' id='word_1_132' title='bbox 821 1833 1044 1865; x_wconf 90' lang='lat' dir='ltr'><strong>exercere</strong></span> <span class='ocrx_word' id='word_1_133' title='bbox 1080 1816 1286 1874; x_wconf 88' lang='lat' dir='ltr'><strong>labores,</strong></span> 
     </span>
     <span class='ocr_line' id='line_1_22' title="bbox 156 1895 1376 1961; baseline -0.003 -15"><span class='ocrx_word' id='word_1_134' title='bbox 156 1898 379 1961; x_wconf 89' lang='lat' dir='ltr'><strong>quamvis</strong></span> <span class='ocrx_word' id='word_1_135' title='bbox 416 1907 464 1947; x_wconf 93' lang='lat' dir='ltr'><strong>et</strong></span> <span class='ocrx_word' id='word_1_136' title='bbox 501 1896 683 1945; x_wconf 89' lang='lat' dir='ltr'><strong>Priami</strong></span> <span class='ocrx_word' id='word_1_137' title='bbox 719 1897 954 1945; x_wconf 91' lang='lat' dir='ltr'><strong>deberem</strong></span> <span class='ocrx_word' id='word_1_138' title='bbox 989 1896 1201 1960; x_wconf 88' lang='lat' dir='ltr'><strong>plurima</strong></span> <span class='ocrx_word' id='word_1_139' title='bbox 1235 1895 1376 1954; x_wconf 92' lang='lat' dir='ltr'><strong>natis,</strong></span> 
     </span>
     <span class='ocr_line' id='line_1_23' title="bbox 155 1977 1823 2039; baseline -0.003 -12"><span class='ocrx_word' id='word_1_140' title='bbox 155 1988 202 2027; x_wconf 92' lang='lat' dir='ltr'><strong>et</strong></span> <span class='ocrx_word' id='word_1_141' title='bbox 238 1981 416 2028; x_wconf 91' lang='lat' dir='ltr'><strong>durum</strong></span> <span class='ocrx_word' id='word_1_142' title='bbox 454 1982 655 2027; x_wconf 90' lang='lat' dir='ltr'><strong>Aeneae</strong></span> <span class='ocrx_word' id='word_1_143' title='bbox 692 1977 937 2026; x_wconf 90' lang='lat' dir='ltr'><strong>flevissem</strong></span> <span class='ocrx_word' id='word_1_144' title='bbox 974 1993 1121 2039; x_wconf 92' lang='lat' dir='ltr'><strong>saepe</strong></span> <span class='ocrx_word' id='word_1_145' title='bbox 1157 1977 1391 2025; x_wconf 86' lang='lat' dir='ltr'><strong>laborem.</strong></span> <span class='ocrx_word' id='word_1_146' title='bbox 1741 1985 1823 2035; x_wconf 84' lang='lat'><strong>380</strong></span> 
     </span>
     <span class='ocr_line' id='line_1_24' title="bbox 154 2057 1473 2123; baseline -0.003 -14"><span class='ocrx_word' id='word_1_147' title='bbox 154 2078 287 2109; x_wconf 91' lang='lat' dir='ltr'><strong>nunc</strong></span> <span class='ocrx_word' id='word_1_148' title='bbox 328 2061 461 2109; x_wconf 91' lang='lat' dir='ltr'><strong>Iovis</strong></span> <span class='ocrx_word' id='word_1_149' title='bbox 498 2060 715 2123; x_wconf 88' lang='lat' dir='ltr'><strong>imperiis</strong></span> <span class='ocrx_word' id='word_1_150' title='bbox 754 2061 1054 2107; x_wconf 89' lang='lat' dir='ltr'><strong>Rutulorum</strong></span> <span class='ocrx_word' id='word_1_151' title='bbox 1091 2058 1311 2106; x_wconf 90' lang='lat' dir='ltr'><strong>constitit</strong></span> <span class='ocrx_word' id='word_1_152' title='bbox 1347 2057 1473 2106; x_wconf 90' lang='lat' dir='ltr'><strong>oris:</strong></span> 
     </span>
     <span class='ocr_line' id='line_1_25' title="bbox 154 2138 1635 2205; baseline -0.003 -15"><span class='ocrx_word' id='word_1_153' title='bbox 154 2159 268 2205; x_wconf 91' lang='lat' dir='ltr'><strong>ergo</strong></span> <span class='ocrx_word' id='word_1_154' title='bbox 305 2144 481 2191; x_wconf 92' lang='lat' dir='ltr'><strong>eadem</strong></span> <span class='ocrx_word' id='word_1_155' title='bbox 519 2143 726 2205; x_wconf 89' lang='lat' dir='ltr'><strong>supplex</strong></span> <span class='ocrx_word' id='word_1_156' title='bbox 760 2140 907 2189; x_wconf 94' lang='lat' dir='ltr'><strong>venio</strong></span> <span class='ocrx_word' id='word_1_157' title='bbox 944 2149 992 2188; x_wconf 95' lang='lat' dir='ltr'><strong>et</strong></span> <span class='ocrx_word' id='word_1_158' title='bbox 1028 2148 1254 2188; x_wconf 92' lang='lat' dir='ltr'><strong>sanctum</strong></span> <span class='ocrx_word' id='word_1_159' title='bbox 1291 2138 1413 2186; x_wconf 90' lang='lat' dir='ltr'><strong>mihi</strong></span> <span class='ocrx_word' id='word_1_160' title='bbox 1448 2155 1635 2187; x_wconf 92' lang='lat' dir='ltr'><strong>numen</strong></span> 
     </span>
     <span class='ocr_line' id='line_1_26' title="bbox 153 2219 1337 2286; baseline -0.003 -16"><span class='ocrx_word' id='word_1_161' title='bbox 153 2240 288 2271; x_wconf 91' lang='lat' dir='ltr'><strong>arma</strong></span> <span class='ocrx_word' id='word_1_162' title='bbox 322 2239 454 2286; x_wconf 90' lang='lat' dir='ltr'><strong>rogo,</strong></span> <span class='ocrx_word' id='word_1_163' title='bbox 494 2222 714 2286; x_wconf 86' lang='lat' dir='ltr'><strong>genetrix</strong></span> <span class='ocrx_word' id='word_1_164' title='bbox 749 2230 879 2270; x_wconf 93' lang='lat' dir='ltr'><strong>nato.</strong></span> <span class='ocrx_word' id='word_1_165' title='bbox 953 2229 1002 2268; x_wconf 90' lang='lat' dir='ltr'><strong>te</strong></span> <span class='ocrx_word' id='word_1_166' title='bbox 1038 2219 1139 2268; x_wconf 91' lang='lat' dir='ltr'><strong>filia</strong></span> <span class='ocrx_word' id='word_1_167' title='bbox 1175 2219 1337 2278; x_wconf 89' lang='lat' dir='ltr'><strong>Nerei,</strong></span> 
     </span>
     <span class='ocr_line' id='line_1_27' title="bbox 153 2299 1416 2367; baseline -0.004 -15"><span class='ocrx_word' id='word_1_168' title='bbox 153 2313 202 2353; x_wconf 92' lang='lat' dir='ltr'><strong>te</strong></span> <span class='ocrx_word' id='word_1_169' title='bbox 237 2303 398 2367; x_wconf 92' lang='lat' dir='ltr'><strong>potuit</strong></span> <span class='ocrx_word' id='word_1_170' title='bbox 434 2303 646 2352; x_wconf 90' lang='lat' dir='ltr'><strong>lacrimis</strong></span> <span class='ocrx_word' id='word_1_171' title='bbox 683 2301 921 2351; x_wconf 91' lang='lat' dir='ltr'><strong>Tithonia</strong></span> <span class='ocrx_word' id='word_1_172' title='bbox 956 2303 1152 2350; x_wconf 92' lang='lat' dir='ltr'><strong>flectere</strong></span> <span class='ocrx_word' id='word_1_173' title='bbox 1188 2299 1416 2348; x_wconf 91' lang='lat' dir='ltr'><strong>coniunx.</strong></span> 
     </span>
     <span class='ocr_line' id='line_1_28' title="bbox 153 2379 1819 2448; baseline -0.004 -15"><span class='ocrx_word' id='word_1_174' title='bbox 153 2385 318 2447; x_wconf 92' lang='lat' dir='ltr'><strong>aspice</strong></span> <span class='ocrx_word' id='word_1_175' title='bbox 355 2385 439 2448; x_wconf 88' lang='lat' dir='ltr'><strong>qui</strong></span> <span class='ocrx_word' id='word_1_176' title='bbox 476 2395 653 2435; x_wconf 91' lang='lat' dir='ltr'><strong>coeant</strong></span> <span class='ocrx_word' id='word_1_177' title='bbox 688 2384 875 2448; x_wconf 90' lang='lat' dir='ltr'><strong>populi,</strong></span> <span class='ocrx_word' id='word_1_178' title='bbox 913 2399 1042 2446; x_wconf 90' lang='lat' dir='ltr'><strong>quae</strong></span> <span class='ocrx_word' id='word_1_179' title='bbox 1078 2381 1276 2430; x_wconf 88' lang='lat' dir='ltr'><strong>moenia</strong></span> <span class='ocrx_word' id='word_1_180' title='bbox 1311 2379 1487 2428; x_wconf 91' lang='lat' dir='ltr'><strong>clausis</strong></span> <span class='ocrx_word' id='word_1_181' title='bbox 1741 2390 1819 2440; x_wconf 84' lang='lat'><strong>385</strong></span> 
     </span>
     <span class='ocr_line' id='line_1_29' title="bbox 154 2463 1616 2529; baseline -0.003 -15"><span class='ocrx_word' id='word_1_182' title='bbox 154 2469 334 2516; x_wconf 87' lang='lat' dir='ltr'><strong>ferrum</strong></span> <span class='ocrx_word' id='word_1_183' title='bbox 370 2476 549 2515; x_wconf 89' lang='lat' dir='ltr'><strong>acuant</strong></span> <span class='ocrx_word' id='word_1_184' title='bbox 585 2467 737 2529; x_wconf 91' lang='lat' dir='ltr'><strong>portis</strong></span> <span class='ocrx_word' id='word_1_185' title='bbox 773 2466 824 2513; x_wconf 91' lang='lat' dir='ltr'><strong>in</strong></span> <span class='ocrx_word' id='word_1_186' title='bbox 861 2483 942 2514; x_wconf 90' lang='lat' dir='ltr'><strong>me</strong></span> <span class='ocrx_word' id='word_1_187' title='bbox 977 2463 1324 2525; x_wconf 88' lang='lat' dir='ltr'><strong>excidiumque</strong></span> <span class='ocrx_word' id='word_1_188' title='bbox 1361 2463 1616 2511; x_wconf 89' lang='lat' dir='ltr'><strong>meorum.&#39;</strong></span> 
     </span>
     <span class='ocr_line' id='line_1_30' title="bbox 154 2542 1480 2609; baseline -0.003 -15"><span class='ocrx_word' id='word_1_189' title='bbox 154 2547 339 2595; x_wconf 88' lang='lat' dir='ltr'><strong>dixerat</strong></span> <span class='ocrx_word' id='word_1_190' title='bbox 375 2557 424 2596; x_wconf 92' lang='lat' dir='ltr'><strong>et</strong></span> <span class='ocrx_word' id='word_1_191' title='bbox 459 2547 614 2597; x_wconf 88' lang='lat' dir='ltr'><strong>niveis</strong></span> <span class='ocrx_word' id='word_1_192' title='bbox 650 2547 767 2595; x_wconf 90' lang='lat' dir='ltr'><strong>hinc</strong></span> <span class='ocrx_word' id='word_1_193' title='bbox 803 2556 952 2609; x_wconf 91' lang='lat' dir='ltr'><strong>atque</strong></span> <span class='ocrx_word' id='word_1_194' title='bbox 987 2545 1105 2593; x_wconf 91' lang='lat' dir='ltr'><strong>hinc</strong></span> <span class='ocrx_word' id='word_1_195' title='bbox 1141 2543 1255 2593; x_wconf 91' lang='lat' dir='ltr'><strong>diva</strong></span> <span class='ocrx_word' id='word_1_196' title='bbox 1289 2542 1480 2591; x_wconf 91' lang='lat' dir='ltr'><strong>lacertis</strong></span> 
     </span>
     <span class='ocr_line' id='line_1_31' title="bbox 155 2614 1484 2692; baseline -0.003 -17"><span class='ocrx_word' id='word_1_197' title='bbox 155 2637 471 2677; x_wconf 88' lang='lat' dir='ltr'><strong>cunctantem</strong></span> <span class='ocrx_word' id='word_1_198' title='bbox 507 2614 736 2692; x_wconf 90' lang='lat' dir='ltr'><strong>amplexu</strong></span> <span class='ocrx_word' id='word_1_199' title='bbox 773 2627 911 2676; x_wconf 91' lang='lat' dir='ltr'><strong>molli</strong></span> <span class='ocrx_word' id='word_1_200' title='bbox 946 2629 1091 2676; x_wconf 91' lang='lat' dir='ltr'><strong>fovet.</strong></span> <span class='ocrx_word' id='word_1_201' title='bbox 1165 2625 1246 2673; x_wconf 95' lang='lat' dir='ltr'><strong>ille</strong></span> <span class='ocrx_word' id='word_1_202' title='bbox 1282 2633 1484 2687; x_wconf 91' lang='lat' dir='ltr'><strong>repente</strong></span> 
     </span>
     <span class='ocr_line' id='line_1_32' title="bbox 154 2706 1444 2772; baseline -0.005 -15"><span class='ocrx_word' id='word_1_203' title='bbox 154 2708 345 2772; x_wconf 92' lang='lat' dir='ltr'><strong>accepit</strong></span> <span class='ocrx_word' id='word_1_204' title='bbox 381 2709 575 2757; x_wconf 90' lang='lat' dir='ltr'><strong>solitam</strong></span> <span class='ocrx_word' id='word_1_205' title='bbox 612 2712 878 2769; x_wconf 89' lang='lat' dir='ltr'><strong>flammam,</strong></span> <span class='ocrx_word' id='word_1_206' title='bbox 918 2718 1165 2770; x_wconf 90' lang='lat' dir='ltr'><strong>notusque</strong></span> <span class='ocrx_word' id='word_1_207' title='bbox 1202 2706 1444 2754; x_wconf 89' lang='lat' dir='ltr'><strong>medullas</strong></span> 
     </span>
    </p>
   </div>
   <div class='ocr_carea' id='block_1_3' title="bbox 155 2832 1819 3053">
    <p class='ocr_par' dir='ltr' id='par_1_4' title="bbox 155 2832 1819 3053">
     <span class='ocr_line' id='line_1_33' title="bbox 209 2832 1819 2889; baseline -0.004 -12"><span class='ocrx_word' id='word_1_208' title='bbox 209 2840 398 2889; x_wconf 86' lang='lat'>359-389</span> <span class='ocrx_word' id='word_1_209' title='bbox 420 2837 550 2876; x_wconf 84' lang='lat' dir='ltr'><strong>MPR</strong></span> <span class='ocrx_word' id='word_1_210' title='bbox 768 2839 845 2887; x_wconf 85' lang='lat'><strong>361</strong></span> <span class='ocrx_word' id='word_1_211' title='bbox 877 2837 976 2876; x_wconf 87' lang='lat' dir='ltr'><strong>latis</strong></span> <span class='ocrx_word' id='word_1_212' title='bbox 998 2835 1051 2874; x_wconf 90' lang='lat' dir='ltr'><em>M</em></span> <span class='ocrx_word' id='word_1_213' title='bbox 1053 2835 1064 2858; x_wconf 80' lang='lat'>¹</span> <span class='ocrx_word' id='word_1_214' title='bbox 1177 2834 1370 2874; x_wconf 87' lang='lat' dir='ltr'><strong>cavernis</strong></span> <span class='ocrx_word' id='word_1_215' title='bbox 1394 2832 1437 2871; x_wconf 86' lang='lat' dir='ltr'><em>R</em></span> <span class='ocrx_word' id='word_1_216' title='bbox 1603 2833 1683 2882; x_wconf 85' lang='lat'><strong>365</strong></span> <span class='ocrx_word' id='word_1_217' title='bbox 1715 2832 1819 2871; x_wconf 83' lang='lat' dir='ltr'><strong>deos</strong></span> 
     </span>
     <span class='ocr_line' id='line_1_34' title="bbox 155 2886 1819 2943; baseline -0.004 -13"><span class='ocrx_word' id='word_1_218' title='bbox 155 2890 239 2931; x_wconf 75' lang='lat' dir='ltr'><strong>P2:</strong></span> <span class='ocrx_word' id='word_1_219' title='bbox 270 2894 400 2932; x_wconf 84' lang='lat' dir='ltr'><strong>decus</strong></span> <span class='ocrx_word' id='word_1_220' title='bbox 414 2892 609 2943; x_wconf 79' lang='lat' dir='ltr'><strong>proponit</strong></span> <span class='ocrx_word' id='word_1_221' title='bbox 625 2890 815 2931; x_wconf 82' lang='lat' dir='ltr'><strong>Deuticke</strong></span> <span class='ocrx_word' id='word_1_222' title='bbox 835 2906 844 2930; x_wconf 93' lang='lat'>:</span> <span class='ocrx_word' id='word_1_223' title='bbox 874 2892 1048 2940; x_wconf 89' lang='lat' dir='ltr'><strong>dignam</strong></span> <span class='ocrx_word' id='word_1_224' title='bbox 1071 2890 1185 2939; x_wconf 87' lang='lat' dir='ltr'><strong>finge</strong></span> <span class='ocrx_word' id='word_1_225' title='bbox 1207 2890 1375 2928; x_wconf 91' lang='lat' dir='ltr'><strong>domum</strong></span> <span class='ocrx_word' id='word_1_226' title='bbox 1404 2887 1452 2928; x_wconf 93' lang='lat' dir='ltr'><strong>P.</strong></span> <span class='ocrx_word' id='word_1_227' title='bbox 1482 2887 1618 2926; x_wconf 85' lang='lat' dir='ltr'><strong>Cauer</strong></span> <span class='ocrx_word' id='word_1_228' title='bbox 1737 2886 1819 2935; x_wconf 85' lang='lat'><strong>378</strong></span> 
     </span>
     <span class='ocr_line' id='line_1_35' title="bbox 156 2939 1817 2996; baseline -0.002 -13"><span class='ocrx_word' id='word_1_229' title='bbox 156 2944 246 2996; x_wconf 88' lang='lat' dir='ltr'><strong>-ve]</strong></span> <span class='ocrx_word' id='word_1_230' title='bbox 263 2959 363 2995; x_wconf 90' lang='lat' dir='ltr'><strong>—que</strong></span> <span class='ocrx_word' id='word_1_231' title='bbox 378 2945 430 2983; x_wconf 95' lang='lat' dir='ltr'><em>M</em></span> <span class='ocrx_word' id='word_1_232' title='bbox 537 2949 612 2996; x_wconf 86' lang='lat'><strong>381</strong></span> <span class='ocrx_word' id='word_1_233' title='bbox 636 2946 814 2996; x_wconf 91' lang='lat' dir='ltr'><strong>imperio</strong></span> <span class='ocrx_word' id='word_1_234' title='bbox 836 2959 879 2983; x_wconf 91' lang='lat' dir='ltr'><strong>m</strong></span> <span class='ocrx_word' id='word_1_235' title='bbox 898 2945 1104 2983; x_wconf 76' lang='lat' dir='ltr'><strong>deteriores</strong></span> <span class='ocrx_word' id='word_1_236' title='bbox 1123 2943 1308 2993; x_wconf 82' lang='lat' dir='ltr'><strong>quidam,</strong></span> <span class='ocrx_word' id='word_1_237' title='bbox 1333 2943 1426 2993; x_wconf 78' lang='lat' dir='ltr'><em>legit</em></span> <span class='ocrx_word' id='word_1_238' title='bbox 1430 2942 1613 2992; x_wconf 82' lang='lat' dir='ltr'><strong>fortasse</strong></span> <span class='ocrx_word' id='word_1_239' title='bbox 1624 2939 1679 2979; x_wconf 92' lang='lat' dir='ltr'><strong>D.</strong></span> <span class='ocrx_word' id='word_1_240' title='bbox 1698 2939 1817 2980; x_wconf 81' lang='lat' dir='ltr'><strong>Serv.</strong></span> 
     </span>
     <span class='ocr_line' id='line_1_36' title="bbox 156 2997 1371 3053; baseline -0.002 -16"><span class='ocrx_word' id='word_1_241' title='bbox 156 3000 236 3048; x_wconf 87' lang='lat'><strong>382</strong></span> <span class='ocrx_word' id='word_1_242' title='bbox 266 3013 420 3039; x_wconf 90' lang='lat' dir='ltr'><strong>nomen</strong></span> <span class='ocrx_word' id='word_1_243' title='bbox 440 3000 617 3053; x_wconf 74' lang='lat' dir='ltr'><em>P¹(3)7:</em></span> <span class='ocrx_word' id='word_1_244' title='bbox 648 3002 863 3052; x_wconf 87' lang='lat' dir='ltr'><strong>(sanctum</strong></span> <span class='ocrx_word' id='word_1_245' title='bbox 886 3000 987 3037; x_wconf 86' lang='lat' dir='ltr'><strong>mihi</strong></span> <span class='ocrx_word' id='word_1_246' title='bbox 1009 2998 1187 3050; x_wconf 81' lang='lat' dir='ltr'><strong>nomen)</strong></span> <span class='ocrx_word' id='word_1_247' title='bbox 1203 2997 1371 3035; x_wconf 84' lang='lat' dir='ltr'><strong>Ribbeck</strong></span> 
     </span>
    </p>
   </div>
  </div>
 </body>
</html>
