2014 3372
1264 162 1627 211 AENEIDOS
1664 162 1816 209 VIIIr

133 302 220 366 qui
256 318 420 366 regem
458 302 749 350 Euandrum
785 301 1008 361 comites,
1048 301 1134 364 qui
1170 301 1308 365 signa
1343 301 1512 361 secuti,

133 385 360 446 delegere
395 385 562 432 locum
598 392 647 431 et
682 399 892 446 posuere
927 382 979 430 in
1016 382 1270 431 montibus
1306 383 1481 432 urbem

134 464 368 513 Pallantis
404 463 572 527 proavi
608 466 672 512 de
708 463 911 513 nomine
948 466 1270 513 Pallanteum.

131 545 185 593 hi
219 546 406 594 bellum
442 545 650 594 adsidue
686 547 876 594 ducunt
912 562 1026 593 cum
1062 554 1208 608 gente
1245 545 1455 607 Latina;
1755 561 1805 600 55

133 628 226 674 hos
265 626 433 675 castris
470 626 654 675 adhibe
691 627 854 676 socios
891 636 939 675 et
975 628 1177 675 foedera
1212 626 1373 690 iunge.

132 708 238 771 ipse
274 725 366 772 ego
403 718 451 758 te
487 708 602 772 ripis
638 719 687 758 et
722 718 857 758 recto
893 709 1098 758 flumine
1134 710 1327 769 ducam,

130 791 394 839 adversum
430 790 576 839 remis
613 807 813 854 superes
851 791 1117 839 subvectus
1154 800 1207 839 ut
1243 808 1456 840 amnem.

131 888 275 934 surge
310 889 414 935 age,
452 881 567 920 nate
603 873 711 932 dea,
751 871 1022 935 primisque
1058 872 1351 921 cadentibus
1387 871 1528 921 astris

134 953 319 1001 Iunoni
354 955 425 1001 fer
460 953 550 1002 rite
585 970 769 1017 preces,
808 954 1031 1017 iramque
1068 954 1328 1017 minasque
1752 962 1806 1003 60

132 1033 438 1096 supplicibus
475 1051 651 1097 supera
686 1035 824 1084 votis.
899 1035 1022 1083 mihi
1057 1035 1212 1084 victor
1247 1037 1490 1085 honorem

124 1116 396 1182 persolves.
470 1132 562 1178 ego
599 1133 709 1164 sum
745 1119 896 1179 pleno
932 1133 1083 1180 quern
1120 1116 1324 1165 flumine
1360 1116 1519 1166 cernis

132 1195 453 1259 stringentem
490 1197 618 1259 ripas
654 1206 702 1245 et
738 1197 940 1261 pinguia
975 1200 1107 1246 culta
1143 1207 1409 1257 secantem,

131 1279 386 1325 caeruleus
423 1277 649 1340 Thybris,
690 1280 828 1327 caelo
863 1278 1165 1342 gratissimus
1201 1279 1374 1327 amnis.

132 1357 214 1406 hic
250 1357 373 1406 mihi
409 1376 586 1422 magna
622 1361 816 1419 domus,
856 1359 998 1408 celsis
1034 1370 1184 1423 caput
1219 1360 1424 1409 urbibus
1461 1359 1588 1409 exit.'
1754 1369 1804 1420 65

202 1439 351 1499 Dixit,
392 1439 576 1489 deinde
612 1443 722 1489 lacu
759 1440 936 1489 fluvius
973 1458 1026 1489 se
1062 1441 1287 1490 condidit
1322 1443 1424 1490 alto

131 1519 232 1568 ima
266 1529 441 1583 petens
458 1539 472 1581 3
519 1538 618 1570 nox
653 1525 860 1570 Aenean
897 1539 1202 1585 somnusque
1237 1521 1445 1585 reliquit.

131 1601 284 1664 surgit
320 1611 368 1650 et
403 1602 607 1651 aetherii
643 1612 872 1665 spectans
908 1603 1115 1652 orientia
1150 1603 1267 1651 solis

132 1682 322 1731 lumina
357 1683 447 1732 rite
484 1683 615 1732 cavis
653 1685 842 1732 undam
879 1685 944 1732 de
979 1683 1185 1733 flumine
1221 1684 1398 1747 palmis

132 1763 341 1812 sustinet
376 1781 434 1813 ac
471 1764 579 1813 talis
616 1765 826 1814 effundit
860 1767 925 1814 ad
962 1767 1161 1814 aethera
1196 1783 1378 1815 voces:
1758 1785 1808 1826 70

135 1845 430 1906 ‘nymphae,
470 1847 743 1894 Laurentes
780 1848 1041 1908 nymphae,
1081 1863 1236 1909 genus
1273 1846 1506 1896 amnibus
1544 1849 1679 1897 unde
1715 1857 1804 1908 est,

133 1933 300 1987 tuque,
340 1942 371 1974 o
407 1926 596 1988 Thybri
632 1936 719 1975 tuo
754 1926 947 1989 genitor
983 1944 1098 1975 cum
1135 1928 1341 1976 flumine
1378 1938 1566 1988 sancto,

130 2007 341 2070 accipite
378 2012 585 2057 Aenean
622 2019 670 2057 et
707 2011 911 2057 tandem
947 2019 1109 2058 arcete
1145 2009 1351 2072 periclis.

133 2104 235 2150 quo
271 2097 319 2136 te
356 2106 570 2152 cumque
606 2092 741 2138 lacus
778 2089 1094 2138 miserantem
1131 2090 1452 2138 incommoda
1488 2098 1655 2138 nostra

133 2171 271 2218 fonte
307 2179 453 2230 tenet,
495 2188 814 2235 quocumque
851 2174 959 2220 solo
994 2171 1354 2234 pulcherrimus
1390 2171 1504 2230 exis,
1756 2192 1803 2231 75

133 2267 329 2313 semper
363 2253 553 2300 honore
589 2270 716 2312 meo,
756 2270 951 2315 semper
987 2253 1301 2301 celebrabere
1337 2252 1495 2311 donis,

134 2331 356 2395 corniger
394 2333 731 2396 Hesperidum
767 2334 944 2382 fluvius
981 2343 1208 2396 regnator
1242 2350 1495 2395 aquarum.

135 2411 268 2459 adsis
305 2429 335 2460 o
371 2422 563 2462 tantum
601 2424 649 2462 et
685 2415 887 2478 propius
925 2424 1010 2463 tua
1045 2414 1251 2462 numina
1286 2415 1480 2462 firmes.’

137 2491 207 2539 sic
243 2483 498 2554 memorat,
537 2495 858 2558 geminasque
895 2495 1011 2558 legit
1047 2497 1111 2544 de
1148 2497 1302 2543 classe
1339 2493 1536 2543 biremis

136 2574 439 2638 remigioque
473 2586 622 2639 aptat,
662 2576 822 2625 socios
859 2576 1006 2625 simul
1043 2576 1237 2625 instruit
1272 2575 1432 2623 armis.
1754 2584 1805 2622 80

206 2657 338 2702 Ecce
373 2665 539 2704 autem
576 2658 796 2706 subitum
832 2667 983 2720 atque
1019 2659 1175 2706 oculis
1213 2656 1437 2704 mirabile
1474 2663 1764 2712 monstrum,

191 2796 244 2834 52
253 2797 328 2833 -70
347 2783 502 2831 MPR;
533 2788 661 2833 71-81
685 2786 851 2825 FMPR
1099 2789 1153 2836 56
1182 2787 1357 2825 foedere
1377 2785 1470 2834 P‘yb
1489 2785 1676 2835 agnoscit
1691 2783 1806 2822 Serv.

135 2839 190 2886 63
220 2838 416 2888 pinguia]
434 2840 601 2889 singula
615 2839 668 2877 M
669 2839 680 2862 ¹
701 2855 710 2879 :
740 2841 916 2890 pingula
935 2856 964 2890 -γ
1074 2843 1126 2889 65
1149 2840 1321 2890 magna]
1340 2845 1459 2878 certa
1478 2838 1559 2888 P7¹
1657 2838 1808 2875 Tuscis

138 2898 265 2941 caput
284 2894 477 2932 amnibus
497 2894 662 2944 Bentley
784 2898 837 2944 67
870 2896 1072 2944 relinquit
1093 2894 1157 2932 Rc
1267 2907 1319 2943 70
1338 2894 1508 2932 sustulit
1528 2892 1646 2942 7²bc²r
1758 2904 1807 2939 74

134 2947 210 3039 gui
231 2976 241 2985 .
266 2977 275 2985 .
300 2977 308 2984 .
331 2948 448 2986 locus
470 2947 646 3000 Madvig
757 2962 807 2999 75
838 2955 989 2989 tenent
1008 2948 1086 2987 FR
1252 2949 1304 2996 78
1334 2948 1533 2998 proprius
1551 2945 1607 2985 Pl
1629 2945 1813 2996 agnoscit

172 3013 251 3040 erv.
