2014 3372
103 134 106 141 “
184 146 236 193 Ρ.
278 144 575 194 VERGILI
615 143 941 194 MARoN1s

184 284 425 349 supplicia
447 283 476 349 l)
515 294 563 334 et
600 286 833 348 scopulos
870 282 1142 332 lacrimosis
1179 282 1386 333 vocibus
1423 282 1658 346 implent:

182 368 304 416 haec
341 368 468 416 adeo
506 384 566 415 ex
601 366 685 415 illo
722 365 843 414 mihi
879 365 978 414 iam
1015 366 1259 429 speranda
1295 366 1491 413 fuerunt

184 458 407 512 tempore
444 465 560 497 cum
598 449 725 497 ferro
762 447 991 496 caelestia
1028 463 1236 511 corpora
1272 447 1479 495 demens

183 529 369 594 appetii
407 538 455 578 et
491 529 699 579 Veneris
735 528 915 578 violavi
950 531 1152 578 vulnere
1189 530 1424 578 dextram.

185 629 248 660 ne
284 627 413 670 vero,
455 628 519 660 ne
557 627 636 660 me
672 612 737 659 ad
773 610 881 659 talis
918 609 1156 674 impellite
1192 626 1397 674 pugnas.

184 709 276 741 nec
313 691 435 740 mihi
472 689 587 741 cum
624 691 830 741 Teucris
867 694 1022 740 ullum
1059 701 1173 756 post
1209 701 1346 740 eruta
1384 691 1570 740 bellum

185 777 424 838 Pergama
460 791 553 824 nec
590 783 811 823 veterum
848 773 1054 823 memini
1089 776 1304 823 laetorve
1341 775 1597 822 malorum.

184 874 389 906 munera
426 874 554 920 quae
592 856 759 920 patriis
796 858 861 905 ad
897 874 978 905 me
1013 856 1216 920 portatis
1253 856 1318 904 ab
1355 855 1452 904 oris

184 939 355 988 vertite
391 940 456 988 ad
493 942 713 988 Aenean.
790 938 1015 988 stetimus
1052 940 1150 987 tela
1184 954 1357 1002 aspera
1394 946 1566 987 contra

182 1020 585 1084 contulimusque
623 1037 829 1069 manus:
878 1029 1080 1084 experto
1117 1019 1303 1069 credite
1340 1028 1554 1083 quantus

182 1101 232 1150 in
269 1101 485 1166 clipeum
522 1103 767 1165 adsurgat,
809 1118 911 1165 quo
948 1101 1144 1150 turbine
1182 1109 1408 1164 torqueat
1445 1102 1651 1149 hastam.

183 1183 223 1233 si
259 1185 361 1232 duo
397 1192 650 1247 praeterea
687 1182 796 1231 talis
837 1184 990 1232 Idaea
1027 1182 1219 1231 tulisset

182 1274 308 1314 terra
342 1264 485 1325 viros,
527 1266 655 1313 ultro
695 1263 927 1312 Inachias
963 1263 1178 1314 venisset
1214 1265 1279 1313 ad
1316 1263 1462 1312 urbes

185 1349 461 1407 Dardanus,
503 1356 551 1396 et
587 1347 737 1396 versis
774 1349 961 1411 lugeret
1000 1347 1208 1396 Graecia
1244 1346 1367 1396 fatis.

182 1429 429 1493 quidquid
464 1431 599 1492 apud
637 1431 788 1478 durae
826 1438 1073 1478 cessatum
1110 1438 1183 1477 est
1220 1427 1419 1477 moenia
1456 1426 1648 1486 Troiae,

183 1510 418 1560 Hectoris
457 1514 758 1574 Aeneaeque
795 1528 946 1559 manu
982 1510 1187 1560 victoria
1224 1509 1429 1559 Graium

181 1592 339 1641 haesit
377 1601 424 1642 et
461 1592 512 1640 in
548 1592 802 1642 decimum
838 1591 1042 1656 vestigia
1077 1591 1263 1641 rettulit
1298 1608 1500 1640 annum.

181 1675 332 1724 ambo
368 1675 559 1735 animis,
599 1676 751 1724 ambo
787 1674 1003 1739 insignes
1039 1674 1403 1738 praestantibus
1439 1673 1600 1732 armis,

182 1757 263 1806 hic
299 1758 483 1821 pietate
519 1758 663 1822 prior.
738 1767 917 1807 coeant
953 1757 1005 1806 in
1041 1759 1242 1807 foedera
1279 1758 1492 1815 dextrae,

182 1856 281 1902 qua
316 1841 490 1901 datur,
537 1849 612 1888 ast
648 1839 796 1888 armis
833 1848 1129 1888 concurrant
1166 1856 1301 1887 arma
1337 1839 1550 1887 cavete.''

183 1930 230 1969 et
268 1938 503 1984 responsa
540 1920 687 1969 simul
724 1938 852 1984 quae
889 1920 999 1980 sint,
1039 1937 1123 1969 rex
1159 1920 1360 1983 optime,
1400 1918 1526 1982 regis

181 2002 363 2052 audisti
401 2012 449 2052 et
485 2020 614 2066 quae
650 2002 711 2051 sit
749 2019 930 2066 magno
967 2002 1213 2051 sententia
1249 2001 1411 2051 bello.'

250 2086 347 2134 Vix
383 2103 441 2135 ea
476 2086 636 2150 legati,
677 2085 941 2149 variusque
977 2103 1064 2150 per
1100 2102 1185 2134 ora
1222 2083 1433 2134 cucurrit

182 2168 499 2217 Ausonidum
536 2169 731 2218 turbata
766 2171 976 2218 fremor:
1027 2185 1119 2217 ceu
1157 2185 1271 2217 saxa
1307 2174 1560 2215 morantur

184 2267 298 2298 cum
335 2250 534 2313 rapidos
570 2249 744 2309 amnis,
784 2251 840 2299 fit
875 2252 1044 2299 clauso
1080 2249 1268 2314 gurgite
1305 2264 1526 2297 murmur

181 2330 473 2394 vicinaeque
508 2333 725 2380 fremunt
761 2331 894 2395 ripae
931 2330 1287 2394 crepitantibus
1324 2328 1484 2378 undis.

182 2421 235 2462 ut
271 2412 486 2476 primum
523 2413 704 2477 placati
739 2412 892 2462 animi
930 2422 978 2462 et
1015 2412 1205 2475 trepida
1242 2428 1327 2460 ora
1362 2409 1607 2473 quierunt,

182 2495 429 2558 praefatus
466 2494 608 2544 divos
646 2494 771 2544 solio
808 2512 891 2543 rex
926 2493 1035 2542 infit
1070 2494 1133 2543 ab
1170 2496 1300 2542 alto:

254 2578 418 2624 ‘Ante
454 2575 689 2639 equidem
727 2593 921 2625 summa
956 2577 1021 2625 de
1057 2592 1108 2625 re
1144 2574 1384 2633 statuisse,
1426 2570 1604 2629 Latini,

182 2665 230 2705 et
265 2658 444 2706 vellem
481 2666 530 2706 et
565 2660 723 2706 fuerat
759 2657 948 2717 melius,
989 2674 1092 2706 non
1129 2666 1353 2720 tempore
1389 2653 1474 2703 tali

182 2754 357 2800 cogere
393 2738 675 2798 concilium,
715 2756 830 2787 cum
867 2755 1035 2787 muros
1071 2737 1266 2787 adsidet
1302 2736 1471 2785 hostis.

181 2818 368 2866 bellum
406 2818 761 2882 importunum,
800 2818 946 2878 cives,
987 2836 1102 2867 cum
1138 2827 1285 2882 gente
1321 2819 1529 2866 deorum

1782 384 1858 425 275

1783 793 1801 820 2
1810 781 1863 820 80·

1781 1188 1858 1241 285

1782 1609 1861 1650 290

1781 2019 1858 2061 295

1780 2425 1860 2466 300

1774 2831 1854 2872 305

237 2959 427 2997 274—305
457 2947 587 2987 MPR
807 2961 886 2999 275
917 2920 1045 2999 adeo]
1075 2949 1226 2987 eadem
1247 2946 1328 2998 Ργ1
1499 2957 1580 2995 279
1608 2914 1766 2981 bellum
1791 2948 1857 2987 est

181 3000 291 3039 Rbcvr
494 3005 570 3042 281
604 3004 806 3053 portastis
828 3005 872 3042 bc
888 3003 1094 3042 deteriores
1120 3001 1235 3042 Serv.
1444 3000 1523 3038 288
1554 3002 1762 3043 certatum
1786 2996 1836 3042 M
1840 2995 1855 3018 ²

185 3068 263 3105 295
293 3056 365 3109 sit]
392 3058 445 3096 de
468 3056 645 3110 Madvig
655 3065 814 3109 parum
836 3057 1077 3107 confidenter
1268 3068 1349 3104 304
1379 3054 1546 3093 obsidet
1567 3051 1749 3090 Mbc¹²m7r
