2014 3372
1342 158 1703 207 AENEIDOS
1742 159 1825 206 III

161 293 371 358 corripio
408 311 435 343 e
470 293 629 343 stratis
665 311 843 357 corpus
880 296 1134 358 tendoque
1170 293 1370 358 supinas

160 376 224 423 ad
261 376 452 423 caelum
489 391 603 423 cum
638 391 761 423 voce
796 392 973 423 manus
1010 384 1058 424 et
1094 392 1300 424 munera
1334 375 1436 424 libo

159 454 447 503 intemerata
482 455 617 503 focis.
691 457 910 518 perfecto
946 457 1102 504 laetus
1139 457 1328 505 honore

158 537 412 586 Anchisen
448 538 574 587 facio
611 548 800 587 certum
837 555 1040 602 remque
1077 539 1251 589 ordine
1286 542 1467 603 pando.

157 619 355 680 agnovit
392 622 580 683 prolem
617 620 903 684 ambiguam
938 620 1263 684 geminosque
1298 621 1526 685 parentis,
1747 633 1824 671 180

155 714 309 760 seque
345 717 475 749 novo
511 710 731 750 veterum
768 704 1034 765 deceptum
1072 719 1231 751 errore
1267 705 1502 752 locorum.

155 788 261 827 tum
298 792 569 831 memorat:
621 787 779 842 ‘nate,
821 783 984 832 Iliacis
1021 784 1231 833 exercite
1267 785 1391 844 fatis,

154 862 259 909 sola
294 862 415 910 mihi
451 863 559 912 talis
596 881 737 912 casus
775 866 1055 914 Cassandra
1091 866 1313 914 canebat.

154 958 287 990 nunc
322 953 491 1006 repeto
527 946 650 993 haec
685 946 851 1009 generi
886 948 1180 1009 portendere
1217 947 1386 996 debita
1421 955 1591 996 nostro

153 1032 201 1072 et
237 1041 383 1088 saepe
421 1027 732 1090 Hesperiam,
771 1044 919 1090 saepe
958 1030 1082 1077 Itala
1118 1046 1267 1092 regna
1302 1046 1490 1078 vocare.
1740 1038 1812 1088 185

151 1107 240 1153 sed
276 1106 384 1169 quis
420 1110 485 1157 ad
524 1110 797 1172 Hesperiae
833 1120 1065 1160 venturos
1102 1111 1244 1160 litora
1280 1115 1500 1161 Teucros

150 1188 410 1236 crederet?
478 1199 562 1238 aut
598 1206 747 1252 quem
783 1200 889 1239 tum
925 1201 1060 1240 vates
1098 1194 1378 1242 Cassandra
1413 1195 1669 1242 moveret?

149 1270 384 1316 cedamus
422 1271 629 1319 Phoebo
666 1281 715 1319 et
750 1272 926 1320 moniti
962 1273 1164 1321 meliora
1201 1276 1493 1337 sequamur.'

148 1348 218 1397 sic
253 1348 334 1408 ait,
374 1358 422 1397 et
459 1351 624 1399 cuncti
660 1351 795 1400 dicto
831 1369 1059 1416 paremus
1096 1363 1312 1402 ovantes.

147 1431 276 1480 hanc
314 1448 513 1494 quoque
553 1433 824 1482 deserimus
858 1436 1027 1483 sedem
1065 1435 1336 1498 paucisque
1371 1436 1549 1485 relictis
1738 1456 1814 1496 190

146 1512 467 1575 velaqdamus
507 1522 799 1576 vastumque
835 1531 955 1563 cava
990 1516 1128 1564 trabe
1164 1516 1402 1565 currimus
1438 1534 1634 1580 aequor.

213 1595 486 1657 Postquam
523 1597 678 1643 altum
715 1604 916 1644 tenuere
952 1605 1078 1644 rates
1114 1613 1207 1644 nec
1243 1597 1341 1644 iam
1376 1597 1587 1660 amplius
1623 1599 1751 1647 ullae

144 1684 381 1737 apparent
418 1685 585 1735 terrae,
627 1678 819 1725 caelum
856 1677 1078 1740 undique
1114 1687 1163 1726 et
1198 1678 1420 1741 undique
1455 1687 1652 1741 pontus,

143 1764 249 1803 tum
286 1756 407 1805 mihi
443 1759 695 1806 caeruleus
732 1774 878 1821 supra
913 1768 1061 1821 caput
1096 1759 1247 1807 astitit
1282 1759 1441 1808 imber

143 1846 342 1886 noctem
379 1838 695 1902 hiememque
730 1841 902 1898 ferens,
943 1849 991 1888 et
1026 1839 1267 1888 inhorruit
1302 1842 1437 1889 unda
1472 1840 1699 1889 tenebris.
1733 1861 1806 1903 195

143 1919 380 1968 continuo
416 1920 550 1968 venti
586 1922 790 1969 volvunt
826 1938 960 1969 mare
996 1938 1274 1985 magnaque
1309 1931 1512 1985 surgunt

141 2016 368 2063 aequora,
407 2000 615 2064 dispersi
652 2001 890 2049 iactamur
923 2001 1110 2064 gurgite
1145 2011 1284 2050 vasto
1300 2020 1314 2062 3

141 2079 387 2129 involvere
423 2081 556 2129 diem
593 2080 749 2129 nimbi
787 2090 835 2129 et
870 2097 969 2129 nox
1004 2081 1173 2130 umida
1209 2084 1400 2130 caelum

139 2160 352 2220 abstulit,
393 2161 698 2224 ingeminant
736 2161 955 2224 abruptis
992 2161 1208 2210 nubibus
1245 2162 1426 2225 ignes.¹

139 2242 412 2291 excutimur
447 2260 591 2291 cursu
628 2253 675 2292 et
713 2242 871 2291 caecis
908 2260 1124 2292 erramus
1159 2244 1210 2291 in
1246 2245 1406 2293 undis.
1726 2266 1803 2295 200

138 2321 242 2385 ipse
278 2323 411 2372 diem
448 2333 747 2386 noctemque
784 2334 929 2387 negat
965 2324 1243 2374 discernere
1278 2328 1417 2374 caelo

137 2419 230 2451 nec
267 2404 548 2453 meminisse
585 2405 692 2454 viae
730 2406 894 2454 media
932 2405 1188 2454 Palinurus
1225 2406 1275 2454 in
1312 2408 1458 2455 unda.

136 2483 219 2531 tris
255 2485 382 2533 adeo
419 2485 630 2534 incertos
667 2502 814 2534 caeca
850 2486 1057 2549 caligine
1093 2488 1221 2535 soles

135 2580 350 2613 erramus
387 2568 574 2629 pelago,
615 2567 823 2616 totidem
861 2567 967 2616 sine
1003 2568 1162 2616 sidere
1199 2577 1383 2617 noctes.

191 2693 379 2742 176-190
391 2692 534 2743 FMP;
561 2708 747 2744 191-204
761 2695 928 2734 FGMP
1038 2699 1116 2747 189
1137 2698 1260 2736 dictis
1274 2697 1380 2736 b¹cm
1490 2711 1567 2748 199
1580 2698 1744 2750 abrupti
1763 2699 1798 2738 G

134 2757 212 2794 204
237 2751 333 2796 post
351 2748 461 2786 hunc
479 2761 514 2786 v.
540 2750 615 2787 tris
632 2763 771 2788 versus
788 2764 853 2788 :—

350 2802 447 2840 hinc
479 2802 649 2853 Pelopis
679 2805 819 2853 gentis
851 2804 1098 2855 Maleaeque
1130 2806 1323 2844 sonantia
1354 2817 1455 2843 saxa

351 2857 635 2907 circumstant,
669 2859 911 2908 pariterque
941 2861 1077 2897 undae
1107 2866 1332 2909 terraeque
1363 2861 1586 2899 minantur.

350 2911 565 2959 pulsamur
595 2913 732 2950 saevis
762 2918 806 2950 et
835 2913 1179 2951 circumsistimur
1206 2915 1331 2952 undis

134 2960 423 3003 circumductos
440 2966 623 3006 inventos
642 2979 723 3005 esse
741 2970 778 3005 et
794 2971 906 3005 extra
920 2967 1126 3018 paginam
1147 2968 1190 3006 in
1213 2967 1371 3006 mundo
1391 2967 1483 3007 dicit
1501 2968 1555 3007 D.
1580 2967 1695 3008 Serv.
