2020 3372
1442 167 1726 217 ECLOGA
1765 167 1840 214 IV

269 318 601 376 pacatumque
636 318 769 374 reget
806 308 972 374 patriis
1009 307 1268 357 virtutibus
1305 309 1491 357 orbem.

337 395 404 440 At
439 391 530 440 tibi
565 390 734 455 prima,
774 407 909 454 puer,
949 392 1085 438 nullo
1122 391 1416 438 munuscula
1452 390 1588 437 cultu

269 473 471 523 errantis
491 472 714 521 >hederas
751 471 935 536 passim
972 489 1086 520 cum
1123 471 1330 520 baccare
1365 472 1510 519 tellus

269 553 519 617 mixtaque
555 553 735 602 ridenti
770 552 1016 601 colocasia
1051 553 1227 600 fundet
1261 553 1490 600 acantho.
1788 572 1841 600 20

267 634 403 698 ipsae
439 636 565 683 lacte
601 636 809 682 domum
846 635 1057 682 referent
1092 633 1307 682 distenta
1342 635 1563 696 capellae

265 716 429 775 ubera,
471 733 563 764 nec
599 731 804 778 magnos
841 724 1064 764 metuent
1098 723 1321 763 armenta
1354 716 1524 764 leones
1541 733 1555 775 3

266 796 372 859 ipsa
407 796 497 845 tibi
531 797 742 845 blandos
780 797 990 844 fundent
1025 796 1273 844 cunabula
1308 797 1466 844 flores.

267 876 463 926 occidet
499 886 547 925 et
576 894 790 939 serpens,
833 886 881 925 et
917 879 1063 924 fallax
1098 878 1251 926 herba
1286 876 1466 926 veneni

266 957 463 1007 occidet
471 976 485 1018 3
520 958 776 1020 Assyrium
812 960 958 1021 vulgo
995 967 1223 1006 nascetur
1257 974 1527 1006 amomum.
1790 978 1836 1018 25

264 1023 315 1087 at
350 1039 496 1087 simul
531 1041 738 1088 heroum
775 1041 945 1088 laudes
983 1048 1031 1087 et
1066 1041 1195 1087 facta
1230 1038 1444 1102 parentis

266 1119 365 1168 iam
401 1122 562 1183 legere
597 1129 647 1168 et
682 1136 810 1182 quae
846 1120 907 1168 sit
944 1120 1126 1183 poteris
1163 1137 1463 1183 cognoscere
1498 1120 1664 1180 virtus,
1715 1168 1718 1169 γ

266 1200 404 1250 molli
439 1201 676 1264 paulatim
712 1203 942 1249 flavescet
979 1218 1183 1264 campus
1218 1201 1378 1261 arista,

266 1281 563 1345 incultisque
599 1281 781 1330 rubens
818 1281 1058 1344 pendebit
1094 1281 1317 1330 sentibus
1352 1299 1462 1341 uva,

265 1371 315 1411 et
350 1363 503 1411 durae
539 1378 748 1425 quercus
786 1363 1037 1411 sudabunt
1074 1363 1269 1411 roscida
1305 1365 1463 1412 mella.
1554 1407 1558 1409 .
1786 1384 1839 1423 30

264 1460 423 1506 pauca
459 1453 626 1492 tamen
662 1444 901 1492 suberunt
936 1443 1125 1505 priscae
1160 1442 1363 1507 vestigia
1396 1444 1595 1503 fraudis,

258 1541 394 1587 quae
429 1533 669 1587 temptare
699 1523 901 1572 Thetim
938 1523 1137 1582 ratibus,
1175 1540 1302 1586 quae
1338 1523 1533 1587 cingere
1569 1524 1719 1574 muris

192 1639 205 1641 —
264 1605 463 1669 oppida,
497 1623 624 1668 quae
660 1605 862 1653 iubeant
899 1604 1058 1653 telluri
1095 1605 1336 1654 infindere
1372 1607 1548 1654 sulcos.

262 1689 385 1735 alter
420 1686 510 1735 erit
545 1696 651 1735 tum
680 1687 883 1750 Tiphys,
922 1696 971 1734 et
1006 1688 1157 1734 altera
1192 1703 1320 1749 quae
1355 1688 1502 1735 vehat
1534 1690 1668 1750 Argo

263 1770 485 1818 delectos
521 1770 728 1829 heroas;
770 1778 913 1817 erunt
949 1768 1097 1817 etiam
1133 1770 1285 1817 altera
1322 1769 1451 1817 bella
1785 1790 1832 1830 35

263 1859 414 1912 atque
449 1850 627 1898 iterum
662 1851 727 1898 ad
761 1849 963 1899 Troiam
1000 1866 1206 1912 magnus
1244 1849 1463 1898 mittetur
1495 1850 1728 1899 Achilles.

263 1932 396 1992 hinc,
433 1932 520 1981 ubi
555 1932 654 1980 iam
690 1934 882 1981 firmata
916 1932 1074 1981 virum
1110 1942 1160 1981 te
1195 1931 1364 1981 fecerit
1397 1942 1545 1992 aetas,

262 2016 407 2064 cedet
442 2023 492 2063 et
525 2014 631 2078 ipse
667 2015 788 2063 mari
822 2024 1003 2075 vector,
1041 2032 1136 2064 nec
1171 2014 1368 2064 nautica
1404 2015 1549 2079 pinus

263 2095 473 2144 mutabit
510 2113 727 2144 merces:
772 2096 933 2145 omnis
969 2099 1091 2145 seret
1127 2096 1295 2145 omnia
1331 2098 1487 2145 tellus.

263 2193 366 2224 non
402 2185 579 2225 rastros
616 2177 828 2239 patietur
863 2179 1058 2237 humus,
1098 2194 1201 2225 non
1237 2177 1380 2226 vinea
1414 2179 1618 2238 falcem,·
1779 2200 1834 2239 40

262 2258 492 2306 robustus
529 2275 730 2320 quoque
767 2258 864 2306 iam
902 2258 1050 2306 tauris
1087 2258 1200 2322 iuga
1235 2260 1391 2307 solvet
1426 2268 1610 2320 arator;

261 2355 355 2387 nec
390 2338 547 2387 varios
584 2338 741 2387 discet
778 2339 974 2387 mentiri
1010 2341 1122 2387 lana
1158 2340 1362 2399 colores,

259 2419 366 2482 ipse
401 2421 490 2468 sed
526 2419 577 2467 in
612 2419 761 2483 pratis
797 2420 921 2469 aries
957 2420 1056 2468 iam
1093 2437 1242 2469 suave
1276 2420 1474 2469 rubenti

261 2500 459 2560 murice,
499 2500 598 2549 iarn
635 2518 811 2550 croceo
850 2501 1061 2550 mutabit
1097 2503 1275 2550 vellera
1311 2503 1415 2550 luto
1426 2519 1440 2561 3

259 2591 437 2644 sponte
473 2599 562 2630 sua
598 2584 786 2645 sandyx
820 2582 1067 2645 pascentis
1104 2583 1278 2631 vestiet
1313 2599 1479 2645 agnos.
1775 2602 1827 2642 45

330 2662 498 2710 ‘Talia
534 2665 724 2711 saecla'
762 2662 861 2711 suis
898 2662 1127 2717 dixerunt
1165 2663 1396 2712 ‘currite'
1434 2663 1553 2712 fusis

258 2746 532 2792 concordes
569 2744 731 2792 stabili
768 2746 980 2793 fatorum
1017 2745 1222 2794 numine
1259 2748 1454 2795 Parcae.

215 2885 345 2922 17-47
368 2872 409 2909 R
569 2875 617 2912 18
638 2886 686 2912 ac
707 2873 749 2910 R
908 2887 961 2913 20
982 2874 1120 2913 fundit
1139 2873 1183 2924 ’γι
1340 2876 1394 2913 26
1413 2888 1461 2914 ac
1482 2875 1524 2912 R
1637 2874 1826 2924 parentis

157 2926 248 2977 7¹bc
265 2926 379 2966 Serv.
403 2927 595 2965 Nonius:
644 2934 870 2977 parentum
891 2927 976 2977 R7²
1166 2929 1219 2966 28
1249 2929 1437 2968 flavescit
1457 2928 1583 2979 R7¹b1
1772 2941 1824 2977 33

157 2981 354 3020 tellurem
376 2982 589 3021 infindere
609 2982 726 3021 sulco
747 2982 790 3020 R
955 2994 1007 3032 45
1039 2988 1265 3038 nascentes
1285 2983 1450 3033 Bentley
1470 2988 1516 3022 ut
1538 2982 1584 3022 G.
1609 2983 1668 3023 iii.
1690 2996 1771 3033 390
