2014 3372
391 845 395 849 Α
447 778 517 845 Ρ.
572 776 973 844 VERGILI
1044 778 1495 847 MARONIS

649 944 896 1016 AEN
920 945 1282 1019 EIDOS

808 1127 1025 1174 LIBER
1062 1128 1137 1175 IV

203 1277 285 1323 AT
320 1273 486 1338 regina
520 1274 654 1338 gravi
689 1274 983 1323 iamdudum
1021 1274 1187 1323 saucia
1222 1292 1338 1324 cura

134 1357 314 1404 vulnus
349 1354 435 1404 alit
470 1355 607 1404 venis
644 1364 693 1404 et
729 1371 879 1403 caeco
916 1355 1129 1418 carpitur
1164 1356 1276 1419 igni.

136 1438 291 1484 multa
326 1435 414 1483 viri
450 1435 600 1484 virtus
636 1435 805 1484 animo
843 1437 1126 1499 multusque
1162 1444 1378 1484 recursat

135 1516 294 1580 gentis
330 1518 520 1565 honos:
569 1518 773 1565 haerent
809 1516 945 1564 infixi
981 1526 1180 1580 pectore
1215 1519 1377 1565 vultus

135 1590 397 1660 verbaque,
437 1614 530 1645 nec
565 1597 812 1661 placidam
850 1597 1083 1646 membris
1120 1599 1205 1646 dat
1242 1614 1358 1646 cura
1393 1597 1624 1661 quietem.
1782 1619 1805 1660 5

136 1687 331 1740 postera
368 1678 603 1726 Phoebea
638 1678 875 1726 lustrabat
911 1679 1141 1741 lampade
1177 1687 1325 1727 terras

136 1767 491 1821 umentemque
520 1761 713 1807 Aurora
747 1761 865 1821 polo
902 1759 1176 1808 dimoverat
1212 1759 1452 1818 umbram,

136 1855 251 1888 cum
289 1839 359 1888 sic
395 1840 682 1888 unanimam
718 1840 1003 1904 adloquitur
1041 1842 1169 1889 male
1206 1857 1325 1889 sana
1360 1857 1607 1890 sororem:

139 1923 315 1968 ‘Anna
350 1937 499 1980 soror,
539 1937 666 1984 quae
705 1938 784 1970 me
822 1938 1113 1984 suspensam
1149 1921 1396 1970 insomnia
1432 1926 1641 1971 terrent!

136 2000 245 2064 quis
282 2018 440 2050 novus
476 1989 565 2050 hic*
596 2002 774 2051 nostris
812 2002 1047 2051 successit
1083 2003 1285 2052 sedibus
1321 2005 1514 2066 hospes,
1758 2025 1808 2053 10

136 2100 286 2146 quem
323 2100 430 2132 sese
466 2101 550 2132 ore
587 2086 761 2143 ferens,
803 2101 953 2147 quam
990 2085 1103 2133 forti
1137 2094 1337 2149 pectore
1373 2093 1422 2134 et
1456 2085 1632 2134 armis!

137 2166 286 2213 credo
323 2165 570 2228 equidem,
612 2182 705 2214 nec
742 2182 868 2213 vana
903 2166 1039 2224 fides,
1078 2182 1234 2228 genus
1271 2181 1378 2214 esse
1414 2166 1634 2214 deorum.

136 2248 405 2310 degeneres
442 2247 634 2296 animos
673 2247 819 2296 timor
855 2247 1024 2310 arguit.
1099 2249 1211 2307 heu,
1247 2246 1427 2310 quibus
1466 2246 1548 2296 ille

136 2327 342 2377 iactatus
378 2328 517 2377 fatis!
560 2345 688 2392 quae
724 2328 854 2377 bella
889 2329 1126 2377 exhausta
1160 2328 1400 2376 canebat!

137 2408 177 2456 si
214 2408 335 2456 mihi
371 2426 473 2457 non
507 2408 675 2458 animo
712 2410 864 2457 fixum
900 2408 1263 2471 immotumque
1299 2409 1492 2457 sederet
1758 2427 1803 2468 ¹5

137 2506 200 2537 ne
237 2489 317 2537 cui
352 2506 433 2538 me
468 2489 631 2538 vinclo
666 2491 843 2538 vellem
881 2489 1067 2538 sociare
1102 2488 1261 2553 iugali,

136 2579 402 2632 postquam
439 2570 624 2633 primus
660 2587 800 2619 amor
836 2572 1098 2633 deceptam
1135 2579 1292 2619 morte
1328 2569 1528 2631 fefellit3

138 2650 179 2698 si
214 2667 316 2699 non
352 2660 630 2714 pertaesum
668 2651 871 2700 thalami
907 2652 1181 2714 taedaeque
1217 2650 1400 2709 fuisset,

137 2729 252 2779 huic
290 2730 375 2778 uni
411 2733 574 2779 forsan
609 2730 749 2794 potui
785 2732 1110 2780 succumbere
1146 2733 1333 2794 culpae.

136 2813 297 2871 Anna,
337 2812 527 2860 fatebor
563 2811 709 2871 enim,
750 2811 913 2861 miseri
948 2822 1062 2875 post
1097 2814 1196 2860 fata
1232 2812 1439 2874 Sychaei
1753 2832 1803 2860 20

195 2953 300 2980 1-20
326 2941 368 2979 F
365 2940 531 2981 GMPR
750 2954 778 2991 9
807 2954 1016 2992 suspensa
1036 2940 1087 2978 M
1092 2941 1103 2963 ¹
1270 2947 1402 2981 terret
1430 2941 1464 2980 0²
1485 2941 1667 2992 agnoscit
1684 2940 1799 2982 Serv.

141 3007 185 3033 11
219 2994 366 3046 quam]
389 3009 516 3045 quem
535 2995 577 3035 F
576 2995 589 3017 ¹
717 2995 839 3036 sortis
860 3011 887 3035 π
904 2995 1112 3035 deteriores
1131 3046 1147 3063 Ἰ
1224 2998 1274 3036 18
1304 2996 1482 3036 fuissent
1501 2995 1750 3046 F²MP¹71c²
