2020 3372
1414 161 1700 210 ECLOGA
1735 161 1836 208 111‘

252 306 306 366 si,
345 307 467 355 dum
502 314 556 354 tu
591 302 790 354 sectaris
825 319 983 367 apros,
1023 319 1116 366 ego
1151 301 1271 351 retia
1307 303 1484 351 servo?
1773 318 1819 361 75

153 396 206 435 D.
252 387 478 451 Phyllida
513 386 652 435 mitte
689 384 834 433 mihi:
871 401 1010 433 meus
1047 393 1122 432 est
1156 383 1345 443 natalis,
1383 385 1538 431 Iolla:

252 486 367 518 cum
403 467 581 516 faciam
615 466 766 515 vitula
801 482 891 530 pro
927 464 1159 529 frugibus,
1199 464 1305 528 ipse
1338 464 1520 514 venito.

151 556 210 595 M.
254 548 480 611 Phyllida
513 564 628 596 amo
662 557 781 595 ante
813 546 962 595 alias:
998 562 1116 594 nam
1151 562 1232 594 me
1268 545 1523 594 discedere
1558 543 1692 593 flevit

253 639 302 678 et
336 631 540 692 longum
581 629 833 686 ‘formose,
870 629 990 687 vale,
1027 628 1164 685 vale,'
1198 626 1370 689 inquit,
1411 627 1594 674 ‘Iolla’

151 719 206 758 D.
252 711 414 759 Triste
449 712 594 773 lupus
631 709 847 768 stabulis,
889 708 1091 757 maturis
1128 707 1347 771 frugibus
1383 707 1579 765 imbres,
1770 715 1823 754 80

251 790 507 840 arboribus
542 789 688 849 venti,
728 789 873 838 nobis
906 788 1221 851 Amaryllidis
1257 787 1368 836 irae.

152 880 211 919 M.
255 874 416 920 Dulce
451 870 567 919 satis
603 888 758 930 umor,
799 869 1017 932 depulsis
1053 870 1255 918 arbutus
1292 869 1478 929 haedis,

254 955 388 1001 lenta
422 951 542 1000 salix
578 953 679 1000 feto
716 950 898 1014 pecori,
936 950 1055 998 mihi
1092 952 1225 998 solus
1258 953 1513 1012 Amyntas.

154 1041 207 1080 D.
254 1033 414 1082 Pollio
448 1042 581 1081 amat
618 1042 851 1091 nostram,
879 1031 1102 1095 quamvis
1140 1041 1213 1080 est
1246 1031 1437 1091 rustica,
1474 1033 1704 1080 Musam:

255 1114 486 1174 Pierides,
515 1114 718 1162 vitulam
755 1113 926 1163 lectori
960 1112 1147 1177 pascite
1182 1122 1357 1162 vestro.
1771 1122 1819 1171 85

154 1204 212 1243 M.
255 1195 415 1244 Pollio
452 1205 500 1244 et
532 1195 637 1258 ipse
673 1194 790 1243 facit
825 1211 954 1243 nova
990 1193 1228 1242 carmina:
1267 1193 1453 1257 pascite
1488 1203 1695 1253 taurum,

254 1277 353 1325 iam
390 1294 543 1326 cornu
579 1285 714 1339 petat
750 1285 799 1324 et
834 1275 1046 1339 pedibus
1084 1275 1171 1338 qui
1205 1285 1399 1339 spargat
1434 1277 1684 1325 harenam.

153 1365 207 1403 D.
256 1357 357 1419 Qui
394 1367 454 1417 te,
488 1357 661 1416 Pollio,
700 1357 1047 1416 amat‚‘veniat
1080 1373 1180 1419 quo
1217 1366 1265 1405 te
1302 1374 1503 1420 quoque
1537 1359 1720 1421 gaudet
1729 1375 1743 1417 ,·

256 1441 403 1487 mella
438 1441 593 1487 fluant
629 1438 711 1498 illi,
750 1440 872 1487 ferat
908 1448 956 1487 et
993 1439 1144 1487 rubus
1180 1455 1323 1502 asper
1357 1456 1625 1487 amomum.

153 1529 213 1567 M.
257 1520 359 1582 Qui
396 1519 603 1569 Bavium
639 1537 741 1569 non
777 1519 898 1580 odit,
936 1529 1069 1568 amet
1105 1528 1189 1568 tua
1224 1519 1455 1579 carmina,
1494 1518 1675 1580 Maevi,
1771 1541 1825 1582 90

221 1611 404 1665 ffatque
438 1602 573 1651 idem
608 1601 777 1666 iungat
812 1604 983 1665 vulpes
1021 1611 1070 1650 et
1106 1603 1322 1664 mulgeat
1357 1601 1532 1650 hircos.

154 1690 207 1729 D.
255 1682 356 1744 Qui
392 1682 548 1746 legitis
585 1685 729 1731 flores
765 1693 814 1732 et
849 1683 989 1731 humi
1024 1682 1277 1731 nascentia
1312 1684 1455 1747 fraga,

254 1763 469 1826 frigidus,
506 1780 537 1811 o
572 1763 723 1826 pueri,
764 1763 915 1827 fugite
950 1763 1080 1823 hinc,
1117 1765 1235 1812 latet
1269 1763 1442 1826 anguis
1478 1763 1528 1811 in
1565 1764 1730 1813 herba.

154 1851 213 1890 M.
257 1844 459 1904 Parcite,
496 1861 627 1903 oves,
662 1844 871 1893 nimium
908 1846 1197 1908 procedere:
1234 1861 1337 1893 non
1372 1845 1502 1893 bene
1538 1844 1672 1908 ripae

256 1925 491 1986 creditur3
528 1925 633 1989 ipse
669 1926 792 1974 aries
830 1926 978 1975 etiam
1015 1943 1148 1975 nunc
1184 1928 1363 1975 vellera
1398 1925 1562 1974 siccat.
1772 1946 1822 1988 95

154 2014 208 2054 D.
255 2007 436 2069 Tityre,
476 2007 722 2070 pascentis
758 2025 787 2056 a
823 2008 1027 2056 flumine
1063 2007 1191 2056 reice
1227 2009 1461 2070 capellas:

255 2087 376 2150 ipse,
411 2087 498 2136 ubi
534 2097 729 2151 tempus
768 2088 870 2147 erit,
910 2088 1071 2137 omnis
1107 2088 1158 2136 in
1195 2090 1331 2137 fonte
1367 2089 1556 2138 lavabo.

156 2173 214 2213 M.
259 2168 435 2231 Cogite
471 2168 589 2228 ovis,
626 2169 784 2232 pueri:
824 2169 865 2217 si
902 2171 977 2218 lac
1014 2169 1314 2232 praeceperit
1349 2179 1527 2229 aestus,

256 2257 310 2296 ut
344 2266 514 2312 nuper,
550 2252 724 2298 frustra
761 2249 1092 2313 pressabimus
1129 2251 1282 2299 ubera
1316 2250 1505 2313 palmis.
1770 2273 1823 2312 99

154 2335 209 2374 D.
258 2331 377 2377 Heu
397 2331 508 2389 heu,
528 2347 676 2393 quam
696 2329 868 2394 pingui
888 2347 1052 2380 macer
1071 2339 1144 2379 est
1164 2330 1285 2378 mihi
1305 2340 1470 2379 taurus
1490 2330 1541 2379 in
1561 2348 1675 2380 ervo
1696 2334 1705 2379 1

256 2410 391 2459 idem
426 2429 565 2460 amor
600 2411 802 2460 exitium
840 2411 1006 2476 pecori
1042 2412 1334 2475 pecorisque
1371 2412 1615 2476 magistro.

155 2498 214 2537 M.
259 2492 331 2540 Hi
350 2502 714 2556 certe—neque
731 2510 871 2542 amor
890 2510 1037 2542 causa
1057 2493 1279 2542 est—vix
1297 2493 1490 2541 ossibus
1510 2495 1725 2542 haerent.

256 2573 425 2622 nescio
462 2574 570 2637 quis
607 2584 801 2623 teneros
838 2577 1010 2623 oculus
1048 2574 1169 2621 mihi
1204 2573 1410 2622 fascinat
1445 2590 1617 2637 agnos.

213 2715 375 2752 75—103
395 2704 438 2742 R
623 2718 672 2754 77
703 2705 834 2744 vitula
854 2704 895 2741 πι
916 2704 1039 2743 Pierii
1059 2704 1184 2753 codd„
1208 2708 1411 2742 testantur
1426 2703 1659 2741 Macrobius
1677 2703 1792 2742 Serv.
1814 2717 1826 2741 :

154 2758 330 2797 vitulam
350 2759 497 2808 Ryabc
608 2772 685 2798 100
714 2773 813 2798 arvo
834 2759 876 2797 R
1000 2771 1073 2798 101
1106 2759 1282 2797 exitium
1297 2758 1441 2808 pecori
1458 2757 1599 2797 ceodd.
1619 2757 1824 2796 detembres

155 2813 331 2851 exitium
352 2819 416 2851 est
436 2813 579 2862 pecori
600 2813 714 2863 R7²a
732 2828 739 2852 :
766 2814 939 2852 exitium
962 2814 1109 2863 pecori
1132 2819 1197 2852 est
1213 2813 1282 2862 ’γὸ
1397 2825 1473 2851 102
1494 2813 1536 2849 hi
1558 2812 1822 2863 Stephanus:

155 2867 222 2905 his
254 2867 392 2908 codd:
435 2869 502 2906 his
540 2873 854 2917 certe—neque
887 2881 1006 2906 amor
1047 2881 1174 2906 causa
1209 2867 1406 2905 est—vix
1439 2866 1605 2904 ossibus
1644 2867 1823 2904 haerent

155 2921 352 2960 Donatus
374 2922 432 2960 ad
459 2922 545 2962 Ter.
576 2923 687 2961 Eun.
711 2922 750 2960 ii.
775 2936 813 2973 2,
836 2923 901 2971 38,
931 2928 978 2960 ut
1006 2923 1071 2960 his
1100 2922 1384 2960 nominativus
1407 2921 1484 2958 sit:
1514 2921 1638 2971 vulgo
1662 2921 1719 2958 sic
1742 2919 1822 2958 dis-

157 2976 379 3026 tinguunt:
409 2977 476 3015 his
497 2983 614 3015 certe
635 2989 774 3025 neque
794 2990 913 3014 amor
933 2989 1059 3015 causa
1081 2982 1146 3015 est
1164 2989 1172 3014 :
1203 2976 1274 3014 vix
1294 2976 1463 3014 ossibus
1482 2975 1662 3014 haerent
