2014 3372
1295 165 1656 214 AENEIDOS
1693 165 1799 212 VII

129 321 178 361 et
213 310 378 361 iuveni
404 320 528 361 -ante
563 311 735 360 oculos
770 308 847 358 his
885 326 937 358 se
974 326 1088 358 cum
1124 308 1329 357 vocibus
1366 310 1540 357 offert:
1719 327 1800 366 420

132 396 340 453 ‘Turne‚
379 402 452 441 tot
487 391 735 440 incassum
771 392 906 439 fusos
942 390 1127 453 patiere
1162 391 1371 450 labores,

129 483 177 522 et
213 483 298 522 tua
335 472 597 522 Dardaniis
634 470 890 520 transcribi
927 480 1119 533 sceptra
1154 471 1385 520 colonis?

128 571 211 603 rex
246 553 335 602 tibi
372 552 655 617 coniugium
692 562 741 601 et
777 552 1023 616 quaesitas
1060 552 1299 615 sanguine
1336 554 1479 600 dotes

126 636 353 697 abnegat,
393 644 719 697 externusque
755 633 807 682 in
843 650 1049 696 regnum
1086 632 1334 696 quaeritur
1369 634 1525 682 heres.

128 717 144 765 i
180 734 327 776 nunc,
366 716 564 780 ingratis
601 718 721 765 offer
755 725 818 775 te,
858 715 1018 774 inrise,
1058 714 1250 778 periclis
1268 733 1283 776 ;
1716 736 1794 774 425

129 799 420 860 Tyrrhenas,
459 797 489 856 i,
529 806 690 845 sterne
725 796 872 856 acies,
911 806 1022 860 tege
1057 813 1181 859 pace
1219 795 1436 845 Latinos.

129 871 252 929 haec
287 881 414 928 adeo
450 879 540 928 tibi
576 897 669 940 me,
708 879 904 943 placida
940 896 1054 928 cum
1092 887 1240 928 nocte
1276 879 1474 938 iaceres,

128 961 235 1025 ipsa
270 963 433 1025 palam
469 961 557 1009 fari
593 961 911 1024 omnipotens
948 960 1176 1009 Saturnia
1211 960 1364 1009 iussit.

129 1060 280 1106 quare
314 1060 404 1106 age
441 1052 489 1091 et
523 1043 699 1091 armari
735 1043 922 1106 pubem
959 1042 1213 1106 portisque
1249 1041 1438 1091 moveri

129 1125 284 1173 laetus
320 1123 372 1172 in
407 1141 543 1172 arma
578 1141 707 1187 para,
736 1133 784 1173 et
814 1124 1052 1187 Phrygios
1082 1123 1169 1187 qui
1202 1123 1406 1172 flumine
1438 1124 1649 1186 pulchro
1719 1143 1801 1183 430

130 1207 404 1254 consedere
440 1207 593 1254 duces
629 1205 885 1269 pictasque
922 1223 1068 1254 exure
1105 1205 1309 1254 carinas.

129 1288 398 1335 caelestum
433 1286 506 1335 vis
543 1304 722 1351 magna
756 1286 907 1335 iubet.
982 1304 1065 1335 rex
1100 1286 1207 1349 ipse
1244 1285 1464 1345 Latinus,

129 1367 181 1415 ni
216 1369 334 1416 dare
369 1367 654 1431 coniugium
691 1378 741 1416 et
776 1367 911 1417 dicto
947 1384 1118 1430 parere
1154 1369 1344 1426 fatetur,

129 1447 307 1497 sentiat
344 1457 392 1497 et
427 1449 630 1497 tandem
667 1451 894 1496 Turnum
931 1447 1206 1510 experiatur
1241 1446 1292 1495 in
1328 1446 1508 1495 armis.'

199 1528 301 1577 Hic
336 1528 525 1578 iuvenis
562 1538 726 1577 vatem
763 1528 982 1578 inridens
1019 1528 1090 1576 sic
1127 1545 1237 1577 orsa
1272 1527 1490 1576 vicissim
1722 1549 1799 1589 435

130 1625 214 1658 ore
249 1611 425 1658 refert:
479 1613 490 1634 ‘
509 1609 676 1658 classis
712 1609 932 1657 invectas
968 1608 1236 1670 Thybridis
1273 1610 1462 1657 undam

130 1706 246 1749 non,
285 1699 339 1738 ut
375 1706 491 1749 rere,
532 1706 668 1738 meas
706 1689 874 1753 effugit
911 1688 1114 1737 nuntius
1150 1688 1280 1737 auris
1298 1707 1311 1749 3

130 1788 194 1819 ne
230 1780 393 1820 tantos
430 1771 552 1819 mihi
589 1772 720 1834 finge
756 1780 931 1820 metus.
1005 1787 1100 1819 nec
1135 1770 1267 1834 regia
1304 1772 1435 1820 Iuno

130 1852 391 1902 immemor
427 1862 500 1901 est
535 1852 701 1901 nostri.

129 1935 219 1982 sed
256 1943 303 1982 te
339 1933 467 1982 victa
504 1933 599 1982 situ
635 1933 836 1996 verique
873 1934 1018 1982 effeta
1053 1942 1298 1992 senectus,
1720 1954 1803 1994 440

130 2032 161 2063 o
198 2025 365 2074 mater,
407 2015 533 2063 curis
571 2014 876 2077 nequiquam
913 2023 1119 2073 exercet,
1161 2024 1210 2062 et
1246 2031 1381 2062 arma

130 2112 299 2158 regum
337 2096 463 2144 inter
499 2098 619 2143 falsa
654 2104 818 2143 vatem
854 2094 1118 2143 formidine
1154 2094 1292 2143 ludit.

130 2194 247 2225 cura
282 2177 372 2225 tibi
408 2177 578 2226 divum
617 2177 799 2241 effigies
836 2186 885 2225 et
922 2178 1108 2239 templa
1144 2176 1267 2224 tueri
1286 2194 1299 2236 3

132 2258 261 2306 bella
296 2258 384 2306 viri
421 2275 697 2322 pacemque
732 2267 903 2322 gerent
940 2257 1049 2320 quis
1085 2258 1218 2305 bella
1252 2258 1498 2319 gerenda.'

198 2339 404 2387 Talibus
441 2342 637 2388 Allecto
674 2339 818 2388 dictis
856 2338 1032 2387 exarsit
1068 2337 1119 2385 in
1155 2337 1261 2385 iras.
1720 2359 1798 2399 445

130 2429 180 2468 at
216 2420 380 2468 iuveni
417 2421 574 2469 oranti
611 2421 802 2470 subitus
839 2430 1022 2469 tremor
1058 2429 1269 2482 occupat
1305 2429 1449 2479 artus,

132 2500 385 2564 deriguere
421 2501 581 2550 oculi:
631 2511 705 2550 tot
742 2501 917 2564 Erinys
955 2500 1119 2549 sibilat
1155 2499 1321 2562 hydris

131 2590 367 2644 tantaque
403 2599 455 2630 se
491 2582 640 2631 facies
676 2583 866 2645 aperit3
913 2591 1019 2630 tum
1056 2584 1287 2630 flammea
1323 2591 1557 2644 torquens

132 2662 320 2709 lumina
356 2672 673 2712 cunctantem
709 2673 758 2712 et
794 2673 1114 2727 quaerentem
1151 2663 1315 2712 dicere
1350 2665 1490 2726 plura

133 2742 356 2805 reppulit,
398 2752 446 2791 et
481 2743 705 2806 geminos
742 2745 892 2793 erexit
929 2744 1145 2793 crinibus
1182 2744 1367 2807 anguiS‚
1718 2766 1799 2804 450

188 2885 376 2921 420—427
400 2871 562 2921 MRV;
592 2873 685 2922 428,
710 2885 792 2921 429
812 2871 1007 2917 FMRV;
1038 2883 1230 2921 430-450
1248 2871 1376 2910 FMR
1589 2885 1670 2921 430
1699 2886 1799 2911 arva

133 2925 374 2977 Peerlkamp
394 2925 564 2965 Ribbeck
702 2926 823 2976 para]
847 2927 945 2964 iube
966 2925 1020 2963 M
1035 2926 1205 2966 Ribbeck
1374 2928 1455 2975 436
1485 2927 1638 2965 undam
1659 2925 1713 2964 M
1714 2926 1798 2977 ¹7¹:

134 2979 271 3071 ililndas
291 2980 496 3041 nznalveo
536 2979 735 3031 M2R7²b2
777 2980 1079 3020 Canonicianus
1297 2993 1376 3031 444
1407 2987 1557 3030 gerant
1596 2979 1650 3019 M
1676 2981 1796 3021 schol.

173 3045 382 3073 eronensza
