2014 3372
226 165 278 211 P.
319 165 618 213 VERGILI
659 165 984 214 MARONIS

224 312 425 352 tantane
462 313 563 352 tam
600 304 791 367 patiens
829 306 967 353 nullo
1005 305 1276 355 certamine
1312 305 1418 356 tolli
1735 307 1738 310 ⁴
1817 330 1897 373 390

223 387 357 435 dona
393 386 561 436 sines?
602 387 689 435 ubi
725 404 860 436 nunc
896 387 1042 437 nobis
1079 390 1204 438 deus
1241 389 1323 438 ille
1362 389 1614 455 (magister

222 468 527 531 nequiquam
565 468 887 533 memoratus)
928 472 1093 533 Eryx?
1135 470 1222 520 ubi
1258 473 1390 520 fama
1424 489 1512 536 per
1545 489 1748 522 omnem

221 548 527 597 Trinacriam
566 559 614 598 et
650 550 807 613 spolia
843 550 926 599 illa
962 551 1059 600 tuis
1096 552 1368 615 pendentia
1403 552 1608 601 tectis?'

219 629 301 678 ille
339 631 431 679 sub
468 633 621 681 haec:
668 635 796 681 ‘non
835 632 995 682 laudis
1032 650 1171 682 amor
1208 651 1301 682 nec
1336 634 1490 697 gloria
1525 634 1672 684 cessit

218 713 362 773 pulsa
398 720 534 760 metu
552 731 564 773 3
602 714 690 761 sed
728 712 862 761 enim
898 713 1091 776 gelidus
1128 716 1354 763 tardante
1391 724 1591 764 senecta
1814 735 1894 779 395

218 793 415 857 sanguis
453 794 616 854 hebet,
657 794 935 858 frigentque
972 797 1147 844 effetae
1183 795 1234 843 in
1272 812 1488 859 corpore·
1515 796 1654 846 vires.

217 874 257 922 si
296 874 417 922 mihi
454 892 582 938 quae
618 878 875 939 quondam
911 878 1069 926 fuerat
1105 894 1304 940 quaque
1340 877 1597 941 improbus
1634 877 1727 926 iste

218 958 426 1004 exsultat
463 958 636 1017 fidens,
678 957 718 1006 si
755 975 889 1006 nunc
926 960 1052 1007 foret
1089 958 1173 1007 illa
1208 958 1448 1020 iuventas,

217 1040 353 1087 haud
390 1038 625 1101 equidem
662 1040 821 1102 pretio
857 1040 1092 1089 inductus
1128 1042 1438 1104 pulchroque
1474 1041 1686 1091 iuvenco

215 1120 475 1180 venissem,
516 1138 609 1170 nec
646 1122 781 1170 dona
818 1125 1012 1171 moror.'
1083 1122 1153 1171 sic
1190 1122 1373 1171 deinde
1412 1125 1606 1172 locutus
1813 1143 1896 1184 400

215 1201 266 1249 in
305 1201 526 1250 medium
563 1203 788 1265 geminos
826 1203 1031 1252 immani
1067 1206 1290 1266 pondere
1327 1213 1521 1253 caestus

215 1282 435 1345 proiecit,
475 1282 656 1346 quibus
692 1301 806 1332 acer
843 1287 973 1347 Eryx
1008 1285 1060 1333 in
1096 1285 1283 1347 proelia
1319 1295 1486 1334 suetus

215 1365 338 1412 ferre
376 1381 581 1412 manum
618 1367 845 1428 duroque
883 1365 1141 1416 intendere
1178 1366 1410 1415 bracchia
1446 1377 1594 1431 tergo.

216 1445 500 1509 obstipuere
536 1447 719 1495 animi:
769 1457 1020 1497 tantorum
1057 1448 1276 1511 ingentia
1313 1459 1504 1512 septem

215 1536 349 1590 terga
384 1528 539 1575 boum
577 1529 785 1591 plumbo
822 1529 989 1578 insuto
1025 1531 1253 1593 ferroque
1292 1530 1527 1593 rigebant.
1810 1551 1890 1592 405

214 1619 329 1659 ante
366 1610 528 1659 omnis
566 1620 730 1674 stupet
766 1611 872 1674 ipse
911 1614 1068 1660 Dares
1105 1614 1352 1675 longeque
1389 1621 1595 1671 recusat,

215 1692 660 1755 magnanimusque
696 1692 1027 1742 Anchisiades
1065 1702 1113 1742 et
1149 1694 1348 1756 pondus
1385 1702 1434 1741 et
1467 1692 1576 1760 ipsa

213 1775 312 1822 huc
348 1773 463 1822 illuc
500 1773 775 1823 vinclorum
811 1774 1056 1823 immensa
1091 1773 1345 1823 volumina
1379 1783 1551 1823 versat.

213 1864 319 1903 tum
357 1855 521 1904 senior
557 1855 665 1904 talis
703 1857 944 1905 referebat
980 1866 1180 1920 pectore
1217 1874 1394 1906 voces:

218 1936 383 1998 ‘quid,
423 1936 463 1984 si
501 1937 610 1999 quis
648 1946 842 1985 caestus
879 1937 1031 2000 ipsius
1070 1947 1118 1986 et
1157 1937 1389 1986 Herculis
1426 1954 1563 1986 arma
1807 1959 1891 2000 410

212 2018 415 2067 vidisset
451 2018 740 2082 tristemque
776 2021 874 2068 hoc
909 2019 1019 2083 ipso
1055 2019 1106 2067 in
1143 2019 1284 2068 litore
1320 2022 1579 2082 pugnam?

212 2102 335 2149 haec
371 2117 633 2164 germanus
672 2104 802 2164 Eryx
838 2103 1094 2164 quondam
1132 2112 1245 2150 tuus
1281 2119 1417 2150 arma
1452 2103 1652 2165 gerebat

214 2181 474 2244 (sanguine
511 2182 669 2231 cernis
705 2184 871 2232 adhuc
908 2200 1178 2246 sparsoque
1214 2183 1396 2233 infecta
1432 2182 1670 2247 cerebro),

212 2263 287 2310 his
326 2280 559 2327 magnum
597 2263 810 2312 Alciden
847 2273 1020 2312 contra
1055 2264 1200 2324 stetit,
1242 2264 1317 2313 his
1354 2282 1446 2328 ego
1483 2274 1664 2324 suetus,

212 2347 333 2393 dum
371 2345 545 2394 melior
580 2345 694 2393 viris
732 2345 930 2408 sanguis
968 2346 1134 2405 dabat,
1170 2348 1367 2394 aemula
1405 2347 1622 2394 necdum
1805 2365 1886 2405 415

211 2425 518 2489 temporibus
555 2425 763 2488 geminis
801 2426 1012 2474 canebat
1048 2442 1215 2488 sparsa
1252 2435 1493 2474 senectus.

210 2509 299 2556 sed
336 2507 375 2556 si
413 2517 580 2556 nostra
617 2510 773 2556 Dares
810 2509 933 2556 haec
969 2507 1149 2556 Troius
1185 2524 1322 2555 arma
1357 2516 1550 2555 recusat

209 2589 362 2652 idque
398 2589 482 2652 pio
520 2591 659 2637 sedet
695 2591 911 2648 Aeneae,
954 2589 1131 2651 probat
1167 2598 1339 2637 auctor
1374 2591 1595 2646 Acestes,

209 2687 479 2734 aequemus
516 2686 719 2733 pugnas.
796 2669 967 2732 Erycis
1004 2669 1094 2718 tibi
1131 2679 1265 2733 terga
1300 2669 1496 2717 remitto

211 2752 367 2817 (solve
404 2750 601 2816 metus),
642 2761 690 2801 et
727 2761 780 2800 tu
816 2751 1060 2800 Troianos
1099 2767 1222 2799 exue
1259 2752 1482 2799 caestus.'
1803 2767 1883 2808 420

210 2835 333 2881 haec
369 2835 496 2881 fatus
534 2833 785 2897 duplicem
823 2849 882 2881 ex
918 2831 1099 2881 umeris
1136 2831 1303 2880 reiecit
1339 2831 1575 2880 amictum

265 2973 453 3011 390-421
479 2960 609 2999 MPR
813 2961 895 3010 398
925 2961 1120 3000 iuventus
1141 2958 1301 3010 Py'mrr
1484 2969 1561 3006 421
1597 2955 1751 2995 deiecit
1766 2953 1824 2995 Pl
