2014 3372
248 167 301 214 P.
341 167 642 214 VERGILI
682 167 1010 216 MARONIS

247 308 440 368 pocula,
480 305 676 355 devicta
710 305 903 369 genitor
939 322 1067 369 quae
1103 305 1235 369 cepit
1269 305 1461 366 Arisba,

248 396 295 434 et
331 387 552 449 tripodas
588 386 829 449 geminos,
868 386 973 435 auri
1009 389 1112 436 duo
1148 404 1327 450 magna
1362 389 1559 447 talenta,

247 477 433 516 cratera
467 467 730 530 antiquum
767 484 917 531 quem
955 469 1040 517 dat
1077 467 1281 517 Sidonia
1319 467 1466 517 Dido.

247 548 288 597 si
323 566 440 597 vero
476 565 652 611 capere
691 548 888 597 Italiam
926 548 1230 612 sceptrisque
1265 547 1412 611 potiri

249 629 507 692 contigerit
543 629 717 677 victori
753 638 802 678 et
838 631 1050 692 praedae
1087 629 1250 678 dicere
1287 638 1503 678 sortem:

247 710 427 770 vidisti,
469 727 570 774 quo
607 712 807 759 Turnus
844 727 988 774 equo,
1030 709 1211 773 quibus
1247 709 1350 758 ibat
1386 709 1437 758 in
1472 709 1620 758 armis

247 810 425 841 aureus
442 811 456 854 3
503 792 668 855 ipsum
705 792 858 852 illum,
898 792 1113 855 clipeum
1149 792 1420 855 cristasque
1455 791 1677 840 rubentis

248 874 494 936 excipiam
531 873 663 933 sorti,
704 873 802 921 iam
840 891 975 922 nunc
1012 883 1096 922 tua
1132 872 1363 936 praemia,
1404 872 1538 921 Nise.

248 965 500 1019 praeterea
537 955 613 1003 bis
651 972 734 1003 sex
769 954 962 1018 genitor
998 954 1264 1004 lectissima
1299 963 1512 1002 matrum

249 1054 457 1099 corpora
493 1036 816 1099 captivosque
853 1036 993 1085 dabit
1031 1053 1218 1099 suaque
1254 1035 1487 1084 omnibus
1522 1052 1671 1095 arma,

250 1118 452 1181 insuper
487 1117 563 1166 his
601 1117 765 1181 campi
802 1119 940 1181 quod
978 1135 1060 1166 rex
1095 1118 1247 1166 habet
1282 1116 1389 1180 ipse
1425 1116 1645 1165 Latinus.

250 1210 299 1249 te
336 1217 466 1260 vero,
507 1217 619 1248 mea
655 1217 805 1262 quem
843 1199 1013 1263 spatiis
1050 1199 1363 1263 propioribus
1400 1207 1534 1247 aetas

249 1281 537 1345 insequitur,
578 1283 861 1330 venerande
897 1299 1033 1344 puer,
1072 1281 1170 1329 iam
1207 1289 1407 1344 pectore
1443 1289 1550 1329 toto

248 1363 441 1426 accipio
479 1372 528 1412 et
564 1362 800 1412 comitem
837 1380 980 1412 casus
1017 1365 1322 1425 complector
1357 1361 1408 1410 in
1445 1361 1620 1410 omnis.

251 1446 387 1492 nulla
423 1445 545 1493 meis
583 1445 689 1494 sine
726 1454 775 1493 te
812 1454 1074 1508 quaeretur
1109 1444 1263 1508 gloria
1297 1445 1476 1493 rebus:

251 1543 338 1574 seu
375 1543 551 1589 pacem
589 1543 675 1575 seu
712 1527 844 1575 bella
878 1543 1059 1589 geram,
1099 1525 1189 1574 tibi
1226 1524 1438 1573 maxima
1473 1541 1635 1573 rerum

250 1609 615 1670 verborumque
652 1609 808 1656 fides.²
880 1617 1052 1656 contra
1089 1624 1240 1669 quem
1276 1606 1392 1654 talia
1426 1608 1554 1654 fatur

252 1692 522 1752 Euryalus:
577 1694 685 1739 ‘me
721 1692 858 1738 nulla
895 1689 1000 1738 dies
1038 1698 1139 1737 tam
1175 1688 1383 1737 fortibus
1420 1687 1550 1736 ausis

251 1771 543 1820 dissimilem
579 1772 790 1835 arguerit
808 1791 821 1833 ,·
870 1781 1064 1820 tantum
1101 1773 1298 1820 fortuna
1335 1772 1555 1820 secunda

250 1854 385 1902 haud
421 1854 628 1901 adversa
663 1855 821 1901 cadat.
898 1855 987 1901 sed
1025 1862 1073 1901 te
1110 1869 1257 1915 super
1293 1851 1462 1900 omnia
1497 1853 1634 1900 dona

249 1952 404 1983 unum
443 1951 559 1983 oro:
607 1934 827 1997 genetrix
866 1934 1048 1983 Priami
1087 1936 1151 1983 de
1187 1943 1334 1998 gente
1369 1942 1562 1982 vetusta

249 2025 322 2063 est
359 2015 493 2075 mihi,
534 2032 685 2078 quam
724 2015 953 2064 miseram
994 2015 1152 2064 tenuit
1189 2032 1291 2063 non
1330 2014 1423 2062 Ilia
1457 2015 1602 2062 tellus

249 2113 447 2145 mecum
484 2098 824 2156 excedentem,
866 2114 969 2146 non
1010 2095 1210 2146 moenia
1246 2094 1371 2158 regis
1409 2098 1634 2143 Acestae.

248 2179 378 2225 hanc
415 2194 506 2240 ego
543 2195 678 2226 nunc
714 2178 935 2242 ignaram
976 2178 1122 2227 huius
1163 2179 1518 2241 quodcumque
1554 2174 1724 2238 pericli
1761 2183 1834 2223 est

248 2258 399 2321 inque
436 2261 697 2307 salutatam
735 2259 908 2322 linquo
949 2260 1069 2325 (nox
1107 2269 1156 2308 et
1192 2269 1276 2308 tua
1311 2258 1448 2308 testis

248 2340 469 2405 dextera)
508 2343 646 2404 quod
682 2359 929 2405 nequeam
970 2342 1196 2391 lacrimas
1234 2343 1446 2404 perferre
1482 2338 1710 2403 parentis.

1847 395 1923 447 265

1850 809 1928 854 270

1850 1215 1926 1260 275

1852 1615 1930 1653 280

1852 2022 1927 2073 285

248 2431 297 2470 at
334 2431 401 2481 tu,
441 2440 541 2482 oro,
583 2425 741 2473 solare
779 2423 983 2488 inopem
1023 2434 1071 2473 et
1109 2440 1336 2473 succurre
1372 2422 1582 2471 relictae.
1850 2439 1930 2479 290

251 2505 380 2552 hanc
418 2504 524 2553 sine
561 2523 641 2554 me
679 2523 821 2569 spem
859 2509 983 2556 ferre
1020 2506 1103 2567 tui,
1144 2505 1406 2556 audentior
1441 2505 1526 2553 ibo

250 2585 300 2632 in
337 2603 479 2634 casus
517 2587 712 2635 omnis.'
786 2605 1019 2651 percussa
1055 2598 1222 2637 mente
1258 2589 1440 2636 dedere

253 2667 571 2716 Dardanidae
610 2668 850 2729 lacrimas,
891 2678 1007 2718 ante
1043 2669 1205 2719 omnis
1242 2671 1447 2732 pulcher
1484 2669 1635 2727 Iulus,

296 2798 485 2846 264-293
503 2797 635 2836 MPR
870 2799 952 2837 268
974 2799 1130 2838 ducere
1153 2797 1221 2836 M2
1240 2797 1294 2849 (2)
1310 2797 1520 2847 R7²bcm⁷r
1533 2796 1683 2849 probat
1699 2794 1933 2835 Markland

250 2863 330 2900 274
362 2851 396 2889 is
416 2851 470 2888 M
579 2854 738 2903 campis
758 2853 801 2891 R
911 2866 1020 2902 quos
1039 2853 1093 2892 M
1094 2851 1323 2902 ιΡ2·γοι1ε2π2
1437 2854 1516 2891 282
1545 2851 1741 2892 Servium
1767 2854 1927 2888 secutus

244 2913 341 2960 post
370 2914 531 2948 tantum
551 2907 722 2957 sortiter
752 2905 1010 2957 interpungit
1047 2904 1218 2944 Ribbeck
1256 2904 1450 2944 Deuticke
1484 2917 1588 2954 1904
1621 2906 1648 2943 i.
1665 2915 1694 2942 e.
1730 2906 1922 2942 ‘tantum

247 2963 460 3014 polliceor’
619 2963 699 3009 283
730 2961 863 3012 haud]
886 2966 957 2999 aut
977 2959 1116 3009 7²a⁹bc
1137 2957 1255 2998 Serv.
1285 2959 1458 2998 Ribbeck
1476 2955 1669 2996 Deuticke
1689 2968 1793 3008 1904
1812 2970 1820 2994 τ
1852 2960 1924 2996 aut

251 3046 261 3056 .
287 3046 297 3055 .
320 3045 330 3073 .·
356 3017 478 3055 cadet
500 3014 674 3066 Madvig
791 3016 869 3062 287
903 3020 967 3053 est
988 3027 1069 3053 om.
1096 3013 1287 3052 M¹PRb¹
1405 3024 1484 3061 292
1515 3012 1721 3050 dederunt
1740 3009 1924 3061 Ple-ther
