2020 3372
1432 166 1716 216 ECLOGA
1754 166 1837 213 III

274 308 376 354 Aut
411 304 492 353 hic
528 306 591 354 ad
628 313 818 353 veteres
853 306 990 368 fagos
1027 321 1143 353 cum
1179 303 1464 368 Daphnidis
1500 322 1670 354 arcum

272 385 455 450 fregisti
491 395 539 434 et
575 387 822 434 calamos:
859 402 987 447 quae
1024 394 1090 445 tu,
1130 402 1356 449 perverse
1394 388 1640 446 Menalca,

272 476 320 515 et
357 483 472 515 cum
507 466 671 515 vidisti
706 483 860 529 puero
896 467 1094 525 donata,
1134 468 1353 526 dolebas,

272 558 320 597 et
357 548 397 597 si
432 565 535 597 non
570 547 735 610 aliqua
770 547 1039 607 nocuisses,
1078 557 1300 597 mortuus
1337 565 1483 598 esses.
1788 569 1835 608 15

274 629 411 690 Quid
447 627 639 677 domini
674 627 869 687 faciant,
908 630 1094 677 audent
1130 645 1246 677 cum
1281 629 1397 678 talia
1432 632 1602 679 fures?

271 727 373 760 non
410 727 501 773 ego
538 719 586 758 te
622 709 723 758 vidi
760 710 1018 769 Damonis,
1057 710 1284 772 pessime,
1324 728 1529 774 caprum

271 792 494 855 excipere
531 791 721 840 insidiis
759 793 970 840 multum
1006 793 1213 840 latrante
1250 792 1496 855 Lycisca?

270 884 321 923 et
356 891 469 922 cum
509 876 772 922 clamarem
814 878 825 899 ‘
844 891 944 937 quo
981 891 1115 922 nunc
1151 891 1203 922 se
1239 874 1443 937 proripit
1478 874 1600 924 ille?

271 955 452 1019 Tityre,
493 973 615 1020 coge
651 958 834 1019 pecus‚'
871 966 925 1005 tu
960 965 1073 1019 post
1109 965 1302 1005 carecta
1338 957 1539 1006 latebas.
1786 980 1836 1007 20

213 1075 221 1084 .
270 1041 352 1086 An
390 1037 511 1086 mihi
547 1039 796 1087 cantando
833 1037 990 1086 victus
1027 1055 1130 1086 non
1166 1039 1394 1087 redderet
1430 1038 1526 1097 ille,

269 1137 419 1183 quem
456 1137 568 1168 mea
603 1119 903 1168 carminibus
941 1119 1198 1168 meruisset
1234 1121 1396 1168 fistula
1428 1122 1669 1182 caprum?

269 1200 309 1249 si
346 1200 520 1260 nescis,
560 1217 699 1248 meus
737 1200 818 1248 ille
854 1217 1000 1262 caper
1036 1199 1126 1248 fuit
1144 1219 1158 1260 ;
1205 1209 1254 1248 et
1290 1199 1412 1247 mihi
1450 1203 1651 1249 Damon

268 1282 375 1345 ipse
411 1283 654 1331 fatebatur
671 1300 684 1342 3
723 1283 812 1330 sed
847 1283 1053 1330 reddere
1089 1298 1236 1344 posse
1271 1282 1496 1344 negabat.

270 1365 535 1413 Cantando
571 1371 625 1410 tu
661 1362 839 1410 illum?
885 1371 969 1410 aut
1005 1378 1243 1424 umquam
1280 1361 1369 1410 tibi
1405 1363 1567 1410 fistula
1603 1379 1714 1412 cera
1787 1383 1834 1422 25

268 1444 436 1493 iuncta
470 1443 600 1492 fuit?
647 1460 750 1492 non
787 1453 840 1492 tu
876 1443 927 1491 in
964 1442 1127 1502 triviis,
1168 1442 1383 1502 indocte,
1423 1444 1616 1492 solebas

270 1525 495 1575 stridenti
532 1525 765 1574 miserum
803 1525 983 1588 stipula
1019 1525 1302 1588 disperdere
1339 1528 1578 1574 carmen?

212 1645 219 1653 .
249 1606 355 1655 ,Vis
393 1623 506 1670 ergo
544 1606 670 1655 inter
705 1623 797 1655 nos
834 1606 955 1668 quid
990 1605 1146 1668 possit
1182 1615 1388 1668 uterque
1424 1605 1639 1654 vicissim

270 1687 616 1750 experiamur?
664 1703 756 1749 ego
793 1688 922 1734 hanc
958 1686 1162 1734 vitulam
1201 1686 1285 1750 (ne
1321 1688 1445 1735 forte
1482 1703 1692 1747 recuses,

267 1767 343 1816 bis
381 1767 514 1816 venit
550 1769 615 1816 ad
652 1769 926 1826 mulctram,
966 1766 1110 1816 binos
1147 1766 1231 1815 alit
1267 1767 1420 1816 ubere
1455 1766 1604 1832 fetus)
1786 1788 1836 1826 30

267 1852 497 1913 depono:
540 1860 593 1899 tu
630 1850 711 1899 dic
748 1868 946 1899 mecum
983 1867 1084 1913 quo
1120 1849 1324 1913 pignore
1361 1858 1529 1898 certes.

274 1934 353 1980 De
388 1949 532 1995 grege
569 1949 671 1980 non
708 1931 867 1980 ausim
905 1931 1171 1994 quicquam
1209 1932 1460 1994 deponere
1502 1940 1700 1980 tecum:

268 2022 341 2061 est
378 2012 498 2060 mihi
535 2030 751 2075 namque
788 2012 926 2061 domi
962 2021 1111 2075 pater,
1157 2020 1230 2060 est
1265 2011 1446 2059 iniusta
1482 2028 1694 2060 noverca
1711 2031 1723 2072 3

269 2092 446 2155 bisque
483 2092 564 2141 die
601 2103 862 2141 numerant
897 2094 1047 2141 ambo
1084 2109 1250 2154 pecus,
1289 2094 1410 2140 alter
1445 2102 1494 2141 et
1529 2094 1731 2141 haedos.

267 2191 452 2233 verum,
490 2173 542 2222 id
579 2176 715 2237 quod
752 2176 909 2222 multo
947 2183 1051 2222 tute
1086 2173 1192 2236 ipse
1228 2174 1446 2222 fatebere
1482 2173 1639 2222 maius
1782 2194 1831 2234 35

272 2254 505 2318 (insanire
542 2254 662 2303 libet
702 2254 938 2317 quoniam
977 2253 1102 2317 tibi),
1142 2256 1321 2316 pocula
1357 2270 1542 2316 ponam

269 2334 444 2397 fagina,
485 2337 728 2383 caelatum
765 2335 918 2384 divini
955 2352 1080 2398 opus
1118 2334 1494 2393 Alcimedontis,

268 2417 403 2463 lenta
438 2415 618 2478 quibus
656 2424 799 2464 torno
836 2415 966 2464 facili
1003 2414 1320 2478 superaddita
1353 2414 1462 2463 vitis

269 2496 473 2545 diffusos
511 2499 694 2546 hedera
730 2496 873 2546 vestit
909 2499 1125 2559 pallente
1162 2496 1438 2558 corymbos.

267 2574 319 2622 in
356 2575 522 2624 medio
559 2577 661 2624 duo
700 2575 850 2638 signa,
893 2577 1088 2635 Conon,
1129 2575 1356 2638 et—quis
1394 2574 1485 2624 fuit
1520 2577 1653 2636 alter,
1781 2598 1832 2637 40

268 2656 525 2719 descripsit
562 2656 699 2705 radio
736 2666 896 2706 totum
934 2657 1019 2720 qui
1054 2657 1283 2720 gentibus
1321 2658 1508 2717 orbem,

267 2744 490 2799 tempora
529 2754 655 2799 quae
693 2754 893 2797 messor,
933 2755 1061 2800 quae
1098 2755 1273 2786 curvus
1310 2747 1471 2786 arator
1507 2738 1749 2787 haberet?

223 2865 354 2903 12-26
372 2864 454 2903 PR
471 2879 480 2913 ;
509 2879 643 2915 27-42
663 2865 792 2904 PRV
1035 2868 1087 2904 16
1108 2866 1264 2905 facient
1284 2866 1361 2917 7²⁷1·
1483 2868 1536 2904 26
1555 2867 1697 2906 vincta
1718 2867 1835 2917 R7bc

163 2919 216 2967 38
247 2918 358 2957 sacili
373 2933 430 2969 γπ
446 2919 759 2971 Canonicianus,
776 2921 959 2972 agnoscit
970 2920 1084 2961 Serv.
1101 2935 1110 2959 ι
1140 2921 1240 2960 sacti
1252 2921 1295 2960 P
1301 2922 1308 2943 ¹
1325 2936 1334 2960 τ
1366 2921 1500 2960 facilis
1519 2921 1559 2959 V
1553 2920 1623 2959 b¹c¹
1637 2921 1833 2960 Donatus

162 2972 285 3012 schol.
307 2974 432 3013 Bern.
455 2988 464 3013 ε
493 2974 654 3024 fragilis
674 2974 758 3013 Ra¹
