2020 3372
1306 171 1730 222 GEORGICON
1769 171 1824 219 II

158 314 396 380 (frugibus
432 312 600 362 infelix
635 329 706 372 ea,
745 328 840 361 nec
875 310 1175 360 mansuescit
1208 312 1398 359 arando

157 412 252 445 nec
287 396 488 444 Baccho
523 410 679 458 genus
714 402 799 442 aut
834 381 998 456 pomis
1034 409 1123 441 sua
1158 391 1364 440 nomina
1399 391 1578 455 servat>
1749 412 1827 451 240

156 479 253 526 tale
290 476 429 526 dabit
465 475 749 539 specimen:
786 484 840 522 tu
877 474 1036 537 spisso
1071 473 1258 522 vimine
1294 475 1469 536 qualos

157 560 365 621 colaque
401 559 649 621 prelorum
685 555 892 605 fumosis
929 555 1098 618 deripe
1134 555 1310 616 tectis;

156 640 254 687 huc
289 656 404 702 ager
438 638 520 687 ille
555 640 714 686 malus
750 639 1022 700 dulcesque
1056 653 1086 684 a
1120 636 1341 685 sontibus
1377 637 1542 685 undae

155 723 220 770 ad
256 723 460 783 plenum
495 722 778 768 calcentur:
814 735 945 782 aqua
980 718 1276 767 eluctabitur
1310 717 1474 766 omnis

156 801 342 850 scilicet
378 811 427 850 et
463 803 673 864 grandes
710 800 854 848 ibunt
889 817 977 863 per
1010 799 1197 847 vimina
1230 807 1398 862 guttae
1415 818 1429 859 3
1750 819 1825 859 245

154 893 204 931 at
240 900 385 946 sapor
423 882 663 931 indicium
700 881 845 930 faciet
881 880 1170 930 manifestus
1206 890 1255 928 et
1291 897 1378 929 ora

155 950 309 1012 tristia
346 973 678 1026 temptantum
714 979 862 1012 sensu
898 961 1150 1025 torquebit
1183 978 1388 1010 amaror.

155 1046 349 1110 pinguis
388 1047 507 1095 item
546 1063 673 1110 quae
710 1045 771 1094 sit
807 1047 951 1094 tellus
987 1046 1085 1093 hoc
1121 1043 1341 1106 denique
1375 1052 1523 1106 pacto

155 1129 422 1179 discimus:
472 1132 608 1178 haud
645 1146 883 1192 umquam
919 1127 1149 1177 manibus
1186 1127 1364 1175 iactata
1399 1126 1595 1187 fatiscit,

156 1212 244 1259 sed
281 1210 404 1273 picis
441 1211 492 1259 in
529 1228 719 1260 morem
754 1212 820 1259 ad
855 1209 1035 1272 digitos
1072 1208 1299 1258 lentescit
1333 1208 1582 1257 habendo.
1751 1228 1830 1267 250

155 1291 327 1340 umida
366 1293 575 1341 maiores
612 1292 790 1340 herbas
826 1291 923 1350 alit,
963 1290 1169 1353 ipsaque
1206 1289 1336 1337 iusto

156 1373 339 1421 laetior.
414 1391 455 1433 a,
497 1373 707 1421 nimium
743 1389 807 1420 ne
843 1372 905 1420 sit
940 1370 1062 1418 mihi
1098 1370 1268 1419 fertilis
1305 1370 1401 1429 illa,

156 1471 248 1502 nec
286 1471 338 1503 se
374 1454 707 1518 praevalidam
742 1453 912 1518 primis
949 1453 1180 1501 ostendat
1215 1451 1403 1500 aristis!

156 1552 283 1598 quae
319 1535 476 1598 gravis
513 1545 586 1584 est
622 1535 731 1598 ipso
766 1534 966 1583 tacitam
1003 1550 1056 1582 se
1091 1534 1314 1596 pondere
1349 1532 1529 1595 prodit,
1751 1554 1830 1595 254

155 1624 384 1680 quaeque
421 1617 553 1666 levis.
616 1626 903 1680 promptum
946 1625 1020 1664 est
1056 1614 1213 1664 oculis
1250 1614 1560 1677 praediscere
1596 1614 1800 1678 nigram,

155 1707 204 1746 et
241 1698 350 1761 quis
389 1698 469 1747 cui
505 1700 654 1747 color.
726 1707 777 1746 at
813 1698 1104 1746 sceleratum
1141 1694 1394 1758 exquirere
1430 1695 1580 1759 frigus

156 1780 354 1830 difficile
391 1790 494 1829 est:
543 1780 715 1843 piceae
750 1789 943 1827 tantum
979 1778 1178 1841 taxique
1214 1787 1452 1827 nocentes

155 1862 404 1912 interdum
440 1871 525 1911 aut
562 1863 776 1910 hederae
811 1861 1039 1923 pandunt
1073 1858 1278 1922 vestigia
1314 1858 1492 1921 nigrae.

226 1944 322 1993 His
358 1943 711 1993 animadversis
748 1951 926 1991 terram
959 1942 1117 1989 multo
1152 1949 1268 1988 ante
1304 1949 1558 1989 memento

156 2044 430 2090 excoquere
468 2037 516 2076 et
554 2042 760 2090 magnos
797 2023 1055 2073 scrobibus
1092 2022 1356 2072 concidere
1392 2022 1591 2083 montis,
1754 2032 1830 2072 260

156 2119 270 2158 ante
307 2109 558 2171 supinatas
598 2106 837 2170 Aquiloni
874 2107 1136 2154 ostendere
1171 2104 1370 2166 glaebas

156 2207 306 2253 quam
343 2192 527 2239 laetum
564 2188 777 2238 infodias
814 2187 924 2236 vitis
960 2203 1129 2249 genus.
1203 2185 1393 2248 optima
1427 2185 1558 2248 putri

155 2289 269 2320 arva
305 2273 444 2320 solo:
494 2271 546 2320 id
581 2270 716 2319 venti
752 2278 924 2318 curant
959 2266 1251 2330 gelidaeque
1286 2265 1491 2328 pruinae

157 2362 205 2401 et
240 2354 483 2402 labefacta
519 2369 725 2401 movens
763 2351 995 2400 robustus
1032 2349 1198 2412 iugera
1233 2349 1404 2396 fossor.

156 2446 206 2485 at
242 2436 282 2485 si
318 2453 443 2499 quos
479 2437 615 2484 haud
651 2437 750 2484 ulla
784 2434 914 2483 viros
950 2431 1201 2496 vigilantia
1235 2430 1372 2494 fugit,
1754 2440 1829 2492 265

156 2527 271 2566 ante
307 2520 473 2567 locum
510 2516 720 2566 similem
758 2516 1032 2579 exquirunt,
1073 2513 1160 2562 ubi
1195 2512 1354 2576 prima
1389 2522 1586 2575 paretur

156 2598 412 2647 arboribus
450 2614 588 2660 seges
625 2606 673 2645 et
710 2614 810 2660 quo
848 2613 964 2645 mox
1001 2595 1192 2658 digesta
1227 2595 1420 2652 feratur,

209 2709 396 2755 239—267
427 2706 558 2745 MPR
737 2720 815 2756 247
843 2719 1011 2745 amaror
1038 2705 1208 2744 Medicei
1229 2710 1422 2744 corrector
1449 2705 1744 2744 recentzssimus
1771 2704 1829 2744 bc³

154 2760 353 2812 Hyginus
384 2759 529 2799 Serv.:
574 2774 717 2799 amaro
751 2760 919 2799 MPRcl
958 2760 1206 2809 Macrobius,
1247 2759 1359 2809 quod
1398 2760 1627 2810 ‘plerosque
1666 2758 1828 2797 omnis'

155 2816 293 2865 legisse
322 2819 494 2852 testatur
512 2815 656 2853 Aulus
678 2815 833 2854 Gellius
998 2826 1077 2864 235
1108 2814 1210 2864 nec]
1240 2827 1326 2852 neu
1351 2812 1458 2851 M²b²
1623 2816 1704 2862 256
1732 2814 1827 2862 quis

155 2869 221 2908 cui
251 2867 526 2907 Mentelianus
545 2870 715 2919 primus
746 2871 855 2918 (teste
881 2869 1082 2907 Heinsio:
1124 2867 1195 2906 sed
1217 2868 1302 2906 sola
1330 2872 1492 2905 exstant
1518 2868 1635 2905 verba
1662 2873 1705 2905 et
1732 2868 1827 2916 quis

155 2922 262 2973 llll
282 2921 421 2971 color)
441 2923 474 2960 c¹
493 2937 502 2961 ε
542 2936 636 2972 quis
657 2923 810 2972 cuique
832 2921 897 2959 Mt
917 2938 927 2971 3
969 2924 1016 2971 qfi
1046 2923 1103 2960 iii.
1134 2935 1210 2960 102
1230 2935 1241 2960 :
1281 2923 1376 2970 quis
1405 2922 1471 2960 cui
1502 2922 1594 2959 cive
1621 2922 1739 2960 color
1758 2921 1800 2958 R
1819 2936 1828 2960 :

155 2977 347 3025 quisquis
368 2976 549 3015 M‘Pb2c2
567 2975 683 3016 Serv.
710 2978 787 3025 qui
803 2978 927 3015 etiam
950 2977 1044 3025 quis
1067 2977 1220 3025 cuique
1240 2975 1429 3026 agnoscit
1543 2988 1623 3025 259
1645 2976 1828 3014 animam

158 3031 349 3068 adversis
370 3029 426 3067 P*
447 3045 456 3070 z
486 3031 593 3069 unde
611 3032 796 3069 animum
820 3031 1013 3070 adversis
1034 3029 1206 3068 Ribbeck
1226 3045 1235 3079 ;
1267 3030 1313 3079 ef
1338 3030 1393 3068 iii.
1418 3043 1493 3079 123
1674 3031 1754 3078 265
1784 3037 1827 3068 at

155 3083 270 3135 P7c:
297 3084 350 3123 ad
372 3083 412 3121 R
431 3099 440 3123 ε
469 3098 517 3123 ac
540 3084 592 3124 M
608 3084 779 3123 Ribbeck
891 3087 969 3134 267
992 3085 1056 3136 et]
1080 3085 1119 3123 ei
1139 3083 1317 3136 Madvig
1372 3084 1563 3123 ferantur
1576 3083 1631 3122 P¹
1654 3083 1831 3134 Madvig
