2020 3372
1288 163 1711 214 GEORGICON
1751 166 1806 213 II

204 300 354 347 Nunc
390 300 529 347 locus
565 315 793 348 arvorum
829 299 1053 363 ingeniis,
1093 316 1220 363 quae
1255 301 1434 350 robora
1470 301 1664 365 cuique,

135 379 245 443 quis
283 382 418 428 color
453 389 502 428 et
537 396 665 442 quae
701 380 762 429 sit
798 381 944 430 rebus
980 391 1154 430 natura
1189 382 1417 432 ferendis.

135 460 359 511 difficiles
395 460 611 523 primum
648 470 803 510 terrae
839 464 1092 526 collesque
1129 464 1344 527 maligni,

134 542 296 591 tenuis
333 541 419 590 ubi
454 541 621 605 argilla
659 551 707 591 et
743 543 966 592 dumosis
1004 547 1222 594 calculus
1258 546 1399 606 arvis,
1725 557 1803 596 180

136 623 358 672 Palladia
392 625 611 686 gaudent
647 623 768 672 silva
802 624 983 674 vivacis
1020 625 1191 675 olivae.

133 704 319 753 indicio
356 713 429 752 est
465 713 622 753 tractu
658 722 860 768 surgens
897 709 1107 756 oleaster
1143 710 1323 757 eodem

133 785 371 848 plurimus
409 795 457 834 et
494 786 629 834 strati
666 787 802 835 bacis
839 788 1141 838 silvestribus
1177 791 1290 853 agri.

132 877 183 915 at
218 885 345 930 quae
380 867 576 930 pinguis
613 870 795 917 humus
832 870 1066 933 dulcique
1101 871 1285 935 uligine
1320 874 1462 933 laeta,

135 947 321 1011 quique
358 950 588 1011 frequens
626 949 790 998 herbis
827 959 876 998 et
912 951 1081 1000 fertilis
1118 953 1269 1001 ubere
1311 970 1517 1016 campus
1727 964 1800 1015 185

135 1029 352 1092 (qualem
391 1046 539 1092 saepe
576 1046 695 1078 cava
731 1031 915 1080 montis
953 1034 1177 1081 convalle
1213 1035 1429 1082 solemus

133 1109 404 1173 dispicere:
442 1112 541 1159 huc
578 1112 784 1161 summis
822 1113 1077 1176 liquuntur
1112 1114 1317 1177 rupibus
1352 1133 1526 1164 amnes

132 1191 427 1255 felicemque
464 1194 665 1240 trahunt
701 1192 896 1258 limum)
935 1194 1120 1256 quique
1157 1195 1319 1244 editus
1356 1198 1540 1245 Austro

134 1283 181 1321 et
218 1273 399 1321 filicem
436 1273 595 1321 curvis
633 1273 840 1322 invisam
877 1275 1035 1337 pascit
1070 1275 1271 1324 aratris:

132 1354 214 1402 hic
250 1354 339 1403 tibi
375 1355 680 1417 praevalidas
718 1356 837 1403 olim
874 1358 1133 1419 multoque
1169 1358 1367 1407 fluentis
1727 1379 1803 1421 ¹90

133 1436 340 1485 sufficiet
378 1439 578 1486 Baccho
615 1436 739 1497 vitis,
778 1437 860 1486 hic
896 1438 1065 1487 fertilis
1101 1457 1238 1499 uvae,

132 1519 213 1567 hic
249 1519 419 1578 laticis,
458 1522 657 1583 qualem
693 1519 873 1582 pateris
909 1520 1122 1569 libamus
1159 1531 1208 1570 et
1243 1539 1377 1582 auro,

131 1599 318 1648 inflavit
355 1618 469 1649 cum
505 1600 701 1663 pinguis
738 1601 860 1649 ebur
896 1603 1179 1664 Tyrrhenus
1215 1606 1279 1652 ad
1316 1621 1438 1664 aras,

132 1681 357 1730 lancibus
395 1691 444 1730 et
478 1682 657 1744 pandis
694 1682 935 1731 fumantia
970 1683 1224 1732 reddimus
1262 1693 1384 1733 exta.

133 1761 208 1809 sin
244 1772 468 1811 armenta
504 1762 658 1826 magis
697 1763 915 1812 studium
953 1764 1234 1827 vitulosque
1271 1765 1408 1825 tueri,
1724 1787 1800 1829 195

131 1852 216 1891 aut
252 1843 420 1892 ovium
456 1846 611 1892 fetum
648 1854 733 1893 aut
771 1845 954 1894 urentis
997 1847 1129 1894 culta
1165 1849 1392 1909 capellas,

132 1927 282 1973 saltus
319 1935 368 1974 et
404 1926 554 1974 saturi
590 1926 747 1989 petito
784 1927 1055 1989 longinqua
1091 1928 1307 1986 Tarenti,

132 2014 180 2054 et
217 2009 414 2069 qualem
452 2007 620 2056 infelix
655 2007 819 2056 amisit
858 2011 1069 2057 Mantua
1104 2026 1338 2072 campum

130 2098 418 2150 pascentem
455 2089 626 2138 niveos
662 2089 878 2137 herboso
914 2089 1119 2137 flumine
1155 2107 1337 2152 cycnos
1355 2108 1369 2151 3

132 2186 234 2218 non
271 2169 446 2233 liquidi
480 2170 708 2234 gregibus
745 2173 921 2230 fontes,
960 2188 1063 2219 non
1099 2171 1320 2234 gramina
1355 2174 1578 2234 deerunt,
1722 2195 1802 2223 200

132 2263 180 2302 et
217 2262 459 2316 quantum
495 2252 654 2316 longis
692 2262 894 2315 carpent
930 2263 1152 2302 armenta
1188 2254 1365 2303 diebus

131 2334 305 2398 exigua
339 2343 532 2383 tantum
568 2334 760 2397 gelidus
797 2352 876 2384 ros
919 2344 1067 2384 nocte
1105 2345 1323 2398 reponet.

131 2417 267 2480 nigra
302 2419 401 2466 fere
438 2427 487 2466 et
522 2435 691 2481 presso
728 2417 923 2481 pinguis
961 2419 1055 2467 sub
1089 2435 1288 2467 vomere
1324 2428 1450 2468 terra

131 2508 180 2547 et
216 2498 296 2547 cui
332 2508 473 2562 putre
510 2502 668 2548 solum
711 2500 948 2564 (namque
986 2501 1083 2549 hoc
1118 2499 1369 2548 imitamur
1403 2500 1628 2565 arando),

132 2579 320 2642 optima
354 2580 612 2629 frumentis
651 2580 774 2645 (non
811 2583 913 2629 ullo
950 2598 1009 2629 ex
1044 2597 1259 2643 aequore
1295 2597 1466 2629 cernes
1721 2603 1797 2642 205

131 2662 271 2721 plura
306 2661 514 2709 domurn
550 2661 700 2710 tardis
738 2663 981 2710 decedere
1019 2664 1235 2724 plaustra
1269 2661 1526 2726 iuvencis),

130 2749 215 2788 aut
251 2742 386 2789 unde
421 2741 570 2790 iratus
607 2742 779 2791 silvam
818 2743 1012 2791 devexit
1048 2751 1208 2791 arator

191 2880 373 2918 177-207
395 2869 487 2907 MP
625 2871 702 2920 178
722 2871 792 2920 qui
813 2871 871 2908 P¹
990 2875 1062 2911 181
1090 2873 1249 2921 gaudet
1261 2871 1360 2911 Mac
1479 2874 1554 2922 187
1576 2873 1798 2923 despicere

132 2921 295 2960 MPabc
360 2923 510 2962 hocP¹
603 2937 680 2974 190
700 2925 939 2975 multosque
954 2926 1020 2963 Ml
1116 2940 1191 2977 194
1213 2927 1385 2978 pandis]
1402 2926 1638 2977 patulisMl
1722 2930 1800 2976 196

134 2977 273 3014 ovium
307 2977 438 3016 fetum
472 2977 515 3015 P
533 2977 861 3018 Canonicianus:
894 2981 1034 3018 ovium
1061 2980 1172 3020 fetus
1201 2981 1355 3028 M7abc
1374 2981 1614 3020 Priscianus
1637 2982 1801 3021 Nonius

132 3042 212 3069 202
233 3032 403 3080 reponit
411 3031 532 3070 Mb'cl
634 3046 714 3082 204
736 3034 923 3072 imitatur
936 3033 986 3071 M
990 3034 1002 3056 ¹
1021 3049 1029 3073 :
1053 3034 1270 3075 imitantur
1287 3036 1396 3075 codd.
1413 3036 1584 3086 quidam
1595 3036 1801 3077 deteriores
