2046 3380
1292 171 1713 221 GEORGICON
1751 171 1836 219 III

170 321 402 360 contenta
438 310 626 360 cervice
661 311 861 359 trahunt
897 309 1151 359 stridentia
1187 313 1414 374 plaustra.

168 409 271 441 non
306 394 451 454 lupus
486 390 689 439 insidias
726 393 944 453 explorat
980 391 1125 440 ovilia
1160 391 1345 440 circum

167 491 260 522 nec
295 472 521 536 gregibus
558 482 828 520 nocturnus
866 473 1184 522 obambulat:
1227 473 1384 522 acrior
1418 474 1558 522 illum

169 571 283 603 cura
319 555 490 602 domat
507 572 521 613 3
561 553 722 602 timidi
757 555 987 602 dammae
1024 554 1252 616 cervique
1286 557 1484 617 fugaces

167 653 302 684 nunc
337 635 561 698 interque
597 651 745 684 canes
781 645 830 684 et
866 634 1052 684 circum
1088 643 1219 684 tecta
1254 642 1504 697 vagantur.
1754 645 1834 687 540

166 717 265 765 iam
302 716 447 765 maris
483 715 713 764 immensi
748 717 937 778 prolem
974 725 1023 763 et
1057 731 1212 778 genus
1249 731 1399 763 omne
1434 723 1693 763 natantum

166 798 307 846 litore
343 797 394 845 in
432 806 648 845 extremo
686 813 777 844 ceu
813 798 1047 859 naufraga
1084 812 1289 858 corpora
1325 797 1503 843 fluctus

166 881 346 943 proluit
363 899 376 941 3
419 879 644 928 insolitae
680 878 873 942 fugiunt
910 879 960 926 in
997 877 1202 926 flumina
1237 879 1442 940 phocae.

167 954 329 1010 interit
366 971 413 1010 et
450 961 607 1009 curvis
644 963 818 1009 frustra
854 962 1058 1009 defensa
1093 959 1290 1008 latebris

166 1042 331 1105 vipera
367 1052 415 1091 et
451 1042 646 1091 attoniti
684 1041 901 1104 squamis
938 1040 1211 1089 astantibus
1248 1038 1402 1102 hydri.
1751 1058 1831 1099 545

166 1124 283 1186 ipsis
320 1133 393 1172 est
429 1127 511 1171 aer
545 1123 718 1171 avibus
755 1141 857 1171 non
896 1140 1096 1185 aequus,
1138 1132 1186 1170 et
1222 1121 1334 1169 illae

165 1205 456 1268 praecipites
493 1207 591 1252 alta
626 1204 776 1252 vitam
814 1204 906 1253 sub
944 1204 1078 1252 nube
1114 1202 1411 1265 relinquunt.

166 1296 417 1349 praeterea
451 1285 550 1333 iam
586 1302 680 1334 nec
716 1285 893 1333 mutari
928 1285 1111 1348 pabula
1146 1286 1303 1343 refert,

166 1367 516 1430 quaesitaeque
552 1376 736 1415 nocent
771 1375 898 1414 artes
915 1385 929 1426 3
971 1382 1160 1414 cessere
1197 1364 1426 1427 magistri,

166 1447 456 1510 Phillyrides
494 1447 683 1497 Chiron
720 1446 1185 1509 Amythaoniusque
1224 1447 1519 1508 Melampus.
1754 1465 1836 1504 550

165 1529 317 1578 saevit
354 1538 401 1577 et
437 1528 488 1576 in
524 1530 687 1577 lucem
728 1527 903 1591 Stygiis
941 1528 1119 1576 emissa
1155 1526 1369 1575 tenebris

164 1610 348 1673 pallida
383 1609 657 1672 Tisiphone
696 1609 904 1657 Morbos
942 1608 1040 1673 agit
1075 1618 1190 1656 ante
1228 1610 1538 1670 Metumque,

165 1692 316 1755 inque
354 1691 460 1741 dies
497 1691 698 1740 avidum
738 1707 940 1753 surgens
979 1699 1126 1752 caput
1162 1688 1305 1737 altius
1342 1690 1491 1737 effert.

165 1774 332 1821 balatu
368 1789 604 1835 pecorum
643 1781 691 1820 et
729 1770 910 1819 crebris
948 1769 1216 1833 mugitibus
1252 1786 1423 1817 amnes

164 1863 457 1916 arentesque
494 1861 673 1901 sonant
712 1851 845 1914 ripae
884 1853 1134 1913 collesque
1171 1849 1346 1913 supini.
1754 1870 1834 1911 555

164 1935 363 1998 iamque
401 1934 684 1983 catervatim
724 1936 809 1983 dat
847 1944 1057 1996 stragem
1093 1943 1242 1996 atque
1277 1943 1472 1997 aggerat
1507 1932 1626 1996 ipsis

165 2015 215 2063 in
252 2015 455 2064 stabulis
491 2015 621 2078 turpi
659 2015 850 2077 dilapsa
886 2017 1125 2063 cadavera
1159 2015 1291 2074 tabo,

165 2099 327 2145 donec
362 2099 517 2145 humo
554 2106 717 2158 tegere
754 2113 813 2144 ac
850 2095 1004 2144 foveis
1040 2096 1347 2144 abscondere
1383 2095 1593 2144 discunt.

164 2194 282 2225 nam
317 2194 480 2240 neque
514 2186 617 2225 erat
655 2175 798 2226 coriis
836 2193 968 2235 usus,
1007 2193 1100 2224 nec
1136 2176 1322 2225 viscera
1358 2176 1620 2240 quisquam

164 2268 248 2307 aut
283 2258 430 2306 undis
466 2258 664 2306 abolere
703 2266 866 2320 potest
902 2267 986 2305 aut
1018 2256 1214 2305 vincere
1249 2259 1450 2305 flamma
1465 2276 1480 2318 ‚-
1754 2268 1834 2319 560

165 2356 228 2387 ne
264 2340 470 2388 tondere
506 2338 710 2401 quidem
748 2339 924 2387 morbo
960 2338 1242 2401 inluvieque
1277 2355 1450 2401 peresa

165 2422 343 2468 vellera
377 2436 470 2468 nec
505 2422 625 2470 telas
662 2429 870 2482 possunt
904 2418 1141 2482 attingere
1176 2418 1330 2482 putris
1347 2438 1361 2479 3

165 2518 335 2549 verum
371 2500 519 2549 etiam
554 2501 738 2551 invisos
776 2501 817 2550 si
853 2501 963 2564 quis
999 2510 1260 2563 temptarat
1295 2500 1518 2562 amictus,

166 2584 394 2631 ardentes
431 2585 641 2648 papulae
678 2593 828 2647 atque
866 2583 1154 2631 immundus
1191 2582 1374 2630 olentia
1409 2585 1559 2632 sudor

167 2664 389 2711 membra
424 2665 735 2727 sequebatur,
776 2682 870 2714 nec
905 2667 1055 2728 longo
1093 2663 1275 2713 deinde
1311 2664 1522 2712 moranti
1751 2675 1828 2726 565

166 2753 388 2806 tempore
424 2755 679 2794 contactos
716 2755 848 2794 artus
886 2763 1022 2795 sacer
1057 2745 1182 2809 ignis
1219 2745 1410 2794 edebat.

221 2862 412 2908 536-566
439 2859 568 2898 MPR
813 2873 891 2911 537
923 2863 1131 2901 insidians
1165 2862 1271 2912 R7c²
1437 2874 1516 2910 544
1547 2863 1756 2911 deprensa
1793 2862 1835 2900 P

168 2927 245 2963 545
277 2915 532 2966 astantibus]
554 2917 824 2965 serpentibus
840 2916 883 2954 P
1029 2918 1109 2965 548
1142 2930 1220 2955 nec
1241 2917 1323 2955 iam
1345 2918 1497 2955 mutari
1517 2916 1583 2953 Rb
1602 2931 1610 2954 :
1641 2929 1720 2954 nec
1742 2929 1832 2954 mu·

168 2969 246 3006 tari
278 2969 361 3008 iam
389 2969 622 3008 Macrobius
650 2969 820 3008 Ribbeck
930 2983 1010 3019 549
1041 2984 1209 3010 cessare
1238 2970 1311 3009 Ml
1423 2983 1503 3020 555
1534 2972 1760 3009 horrentes
1790 2970 1832 3007 R

166 3035 246 3073 557
279 3024 376 3061 tabe
397 3023 566 3063 Ribbeck
675 3026 755 3073 563
786 3025 954 3070 verum]
976 3025 1078 3074 quin
1100 3025 1143 3063 R
1254 3031 1480 3076 tempterat
1501 3026 1572 3078 7¹:
1604 3032 1829 3078 temptaret

168 3076 222 3116 M
225 3077 284 3116 1π2
306 3078 475 3117 Ribbeck
640 3080 720 3127 566
749 3084 990 3118 contractos
1009 3078 1122 3130 P7²⁷r
