2014 3372
1407 171 1769 221 AENEIDOS
1798 172 1837 227 ΔΙ

161 316 283 382 quid
320 318 475 365 Troes
511 324 731 379 potuere,
772 314 953 378 quibus
989 323 1064 363 tot
1099 316 1271 363 funera
1306 313 1461 376 passis

160 407 369 447 cunctus
406 398 473 447 ob
511 397 707 446 Italiam
742 405 980 445 terrarum
1019 396 1264 445 clauditur
1299 395 1472 444 orbis?

159 488 290 528 certe
326 479 443 527 hinc
480 481 739 527 Romanos
775 477 895 527 olim
931 477 1244 526 volventibus
1280 477 1436 536 annis,

158 559 275 609 hinc
311 562 415 609 fore
451 561 695 620 ductores,
738 568 970 608 revocato
1006 576 1035 607 a
1072 558 1310 622 sanguine
1346 557 1541 618 Teucri,
1753 577 1829 617 235

159 641 245 704 qui
281 658 428 701 mare,
468 641 554 704 qui
590 650 740 690 terras
777 639 940 689 omnis
977 639 1176 689 dicione
1214 648 1450 699 tenerent,

156 722 418 786 pollicitus.
494 739 621 784 quae
657 731 718 781 te,
759 721 962 784 genitor,
1005 720 1251 769 sententia
1286 720 1428 769 vertit
1445 723 1467 768 ?

157 805 255 852 hoc
291 803 525 866 equidem
562 820 794 852 occasum
833 803 1013 851 Troiae
1052 802 1302 866 tristisque
1337 801 1502 850 ruinas

157 886 351 933 solabar
386 884 496 933 fatis
533 883 775 933 contraria
810 886 909 932 fata
944 885 1222 947 rependens
1239 902 1253 944 3

156 984 290 1016 nunc
326 968 503 1015 eadem
539 968 735 1014 fortuna
770 965 899 1014 viros
935 974 1008 1014 tot
1044 965 1240 1014 casibus
1275 974 1414 1013 actos
1752 986 1830 1024 240

155 1048 439 1111 insequitur.
515 1065 665 1110 quem
701 1049 790 1095 das
827 1049 993 1107 finem,
1032 1064 1115 1095 rex
1151 1063 1342 1110 magne,
1382 1046 1650 1095 laborum?
1800 1055 1803 1057 ’

155 1134 381 1179 Antenor
416 1129 577 1193 potuit
614 1128 791 1178 mediis
828 1131 1024 1191 elapsus
1061 1128 1264 1177 Achivis

156 1211 377 1274 Illyricos
414 1219 669 1273 penetrare
706 1210 840 1258 sinus
880 1219 1030 1272 atque
1065 1208 1239 1257 intima
1273 1213 1408 1257 tutus

154 1310 304 1356 regna
341 1292 675 1340 Liburnorum
712 1300 761 1339 et
798 1293 990 1340 fontem
1029 1307 1259 1353 superare
1296 1290 1505 1350 Timavi,

154 1375 289 1422 unde
324 1390 412 1436 per
447 1390 532 1421 ora
568 1389 749 1420 novem
786 1381 926 1420 vasto
963 1388 1079 1420 cum
1116 1388 1366 1419 murmure
1402 1370 1585 1419 montis
1751 1391 1826 1430 245

154 1454 191 1503 it
227 1471 360 1502 mare
396 1462 688 1516 proruptum
726 1461 774 1500 et
811 1454 986 1515 pelago
1023 1451 1202 1515 premit
1238 1468 1352 1499 arva
1387 1450 1597 1499 sonanti.

153 1535 235 1584 hic
261 1545 439 1595 *tamen
476 1534 558 1583 ille
594 1534 768 1582 urbem
807 1533 977 1581 Patavi
1013 1534 1258 1596 sedesque
1294 1531 1474 1580 locavit

153 1616 459 1661 Teucrorum
496 1621 545 1660 et
580 1611 715 1674 genti
751 1628 937 1660 nomen
974 1610 1112 1660 dedit
1148 1626 1383 1672 armaque
1418 1609 1522 1657 fixit

153 1695 316 1755 Troia,
354 1712 489 1744 nunc
524 1694 721 1758 placida
756 1702 1044 1757 compostus
1076 1709 1200 1757 pace
1236 1691 1474 1755 quiescit:

152 1794 258 1836 nos,
297 1786 382 1825 tua
417 1775 691 1840 progenies,
730 1775 855 1824 caeli
892 1774 1072 1838 quibus
1108 1773 1287 1823 adnuis
1323 1790 1500 1832 arcem,
1748 1795 1827 1834 250

151 1857 360 1905 navibus
395 1856 677 1921 (infandum
702 1857 731 1921 1)
767 1855 960 1904 amissis
997 1855 1143 1903 unius
1180 1855 1247 1903 ob
1283 1854 1405 1902 iram

151 1939 407 2002 prodimur
442 1948 592 2001 atque
631 1937 767 1987 Italis
803 1940 951 2000 longe
987 1936 1314 1999 disiungimur
1349 1935 1459 1985 oris.

151 2016 232 2065 hic
267 2016 462 2080 pietatis
499 2018 701 2065 honos?
759 2015 830 2064 sic
865 2032 957 2064 nos
993 2015 1045 2063 in
1082 2024 1274 2077 sceptra
1309 2013 1570 2076 reponis?'

220 2098 320 2146 Olli
356 2098 618 2146 subridens
655 2097 918 2146 hominum
956 2105 1087 2145 sator
1122 2105 1274 2158 atque
1309 2096 1518 2144 deorum

150 2180 301 2237 vultu,
343 2196 443 2241 quo
480 2181 675 2227 caelum
711 2187 1132 2241 tempestatesque
1168 2186 1375 2235 serenat,
1745 2198 1822 2238 255

151 2261 320 2307 oscula
355 2258 525 2307 libavit
561 2269 719 2318 natae,
760 2258 943 2308 dehinc
979 2258 1094 2307 talia
1129 2260 1289 2306 fatur:

156 2344 329 2402 ‘parce
366 2349 514 2399 metu,
556 2341 813 2402 Cytherea,
855 2349 1059 2388 manent
1094 2340 1303 2388 immota
1338 2349 1538 2388 tuorum

149 2424 248 2471 fata
282 2423 372 2471 tibi
388 2442 402 2484 3
449 2441 620 2472 cernes
656 2425 831 2472 urbem
867 2433 916 2472 et
951 2417 1193 2486 promissa
1229 2422 1403 2470 Lavini

151 2503 349 2566 moenia
384 2503 750 2566 sublimemque
785 2506 910 2552 feres
946 2505 1012 2552 ad
1048 2504 1209 2552 sidera
1244 2503 1368 2552 caeli

150 2583 522 2646 magnanimum
558 2587 800 2645 Aenean3
848 2602 1012 2647 neque
1048 2602 1129 2633 me
1166 2583 1410 2633 sententia
1444 2584 1599 2633 vertit.
1745 2593 1823 2632 260

150 2663 232 2711 hic
267 2663 357 2712 tibi
395 2665 556 2729 (fabor
591 2665 737 2723 enirn,
778 2667 980 2728 quando
1018 2667 1140 2714 haec
1176 2674 1225 2713 te
1261 2682 1378 2713 cura
1412 2667 1673 2724 remordet,

149 2744 355 2808 longius,
396 2754 445 2793 et
479 2747 681 2795 volvens
717 2748 929 2795 fatorum
965 2764 1143 2795 arcana
1178 2746 1413 2809 movebo)

205 2888 398 2924 232—234
418 2875 570 2923 FMR3
602 2878 795 2925 235-260
813 2876 1010 2926 FMRV;
1043 2879 1136 2926 261,
1162 2878 1242 2915 262
1263 2875 1390 2915 FMR
1504 2877 1585 2924 236
1616 2875 1752 2913 omnis
1769 2874 1822 2912 F¹

153 2934 335 2984 agnoscit
352 2932 464 2972 Serv.
486 2946 495 2969 t
525 2945 676 2971 omnes
695 2932 800 2970 F²V
811 2946 819 2970 :
851 2933 966 2971 omni
987 2932 1112 2981 M7bc
1129 2930 1242 2969 Serv.
1262 2930 1430 2968 editores
1445 2930 1621 2979 plerique
1740 2941 1818 2977 237

153 2986 404 3036 pollicitu's:
435 2986 605 3024 Ribbeck
761 2988 842 3035 246
870 2991 1125 3035 proruptum
1144 2985 1187 3023 F
1186 2984 1200 3005 ²
1221 2984 1288 3033 (ut
1306 2983 1480 3036 videtur)
1501 2981 1654 3020 MRV1
1675 2981 1788 3021 Serv.
1809 2995 1818 3019 :

152 3046 431 3090 praeruptum
450 3040 502 3078 F1
523 3041 591 3092 (ut
608 3040 781 3090 videtur)
811 3039 850 3077 V
851 3039 914 3091 ²7¹
936 3040 1124 3090 agnoscit
1141 3038 1252 3078 Serv.
1805 3042 1809 3045 ’
