2014 3372
196 135 248 183 P.
289 133 589 182 VERGILI
633 133 961 182 MARONIS

193 289 370 335 pacem
408 288 546 321 orare
584 288 750 331 manu,
791 271 1059 334 praefigere
1095 268 1347 334 puppibus
1384 272 1561 319 arma?
1724 269 1728 271 ’
1826 280 1880 319 80

193 362 247 402 tu
283 363 424 417 potes
463 356 672 402 Aenean
709 351 940 401 manibus
977 351 1256 401 subducere
1294 350 1500 401 Graium

192 452 383 499 proque
418 435 522 484 viro
560 435 798 484 nebulam
836 443 885 483 et
921 443 1097 483 ventos
1135 434 1411 482 obtendere
1447 433 1625 494 inanis,

192 526 241 566 et
277 526 418 581 potes
457 517 507 566 in
545 517 755 566 totidem
793 518 1003 565 classem
1041 524 1326 565 convertere
1362 517 1641 579 nymphas:

191 616 283 648 nos
320 599 509 663 aliquid
548 601 763 648 Rutulos
802 607 974 648 contra
1010 597 1190 646 iuvisse
1226 599 1499 646 nefandum
1537 599 1651 647 est?

195 682 436 729 “Aeneas
473 680 669 744 ignarus
706 680 848 729 abest
864 682 917 728 ²⁷:
967 678 1163 743 ignarus
1200 688 1249 728 et
1284 679 1426 728 absit.
1823 690 1873 741 85

190 770 264 811 est
302 764 502 826 Paphus
543 761 860 825 Idaliumque
899 760 1003 821 tibi,
1044 770 1159 810 sunt
1194 763 1294 809 alta
1331 761 1578 824 Cythera:

190 842 313 906 quid
347 843 601 907 gravidam
638 842 781 892 bellis
820 843 996 892 urbem
1034 851 1083 891 et
1119 844 1271 891 corda
1306 859 1481 905 aspera
1517 844 1773 906 temptas?

190 941 348 974 nosne
385 924 475 974 tibi
512 926 667 973 fluxas
706 924 947 988 Phrygiae
985 940 1061 973 res
1098 932 1286 972 vertere
1322 925 1480 973 fundo

189 1009 465 1056 conamur?
512 1009 645 1056 nos?
690 1024 755 1056 an
794 1006 998 1055 miseros
1036 1005 1122 1070 qui
1158 1008 1315 1054 Troas
1352 1004 1556 1054 Achivis

188 1089 408 1138 obiecit?
459 1105 587 1153 quae
624 1105 773 1138 causa
809 1088 901 1137 fuit
941 1104 1236 1151 consurgere
1274 1086 1325 1135 in
1361 1103 1498 1135 arma
1815 1106 1872 1147 90

189 1174 544 1235 Europamque
581 1170 854 1233 Asiamque
892 1179 940 1219 et
977 1170 1178 1218 foedera
1215 1170 1405 1217 solvere
1441 1170 1612 1217 furto?

188 1271 268 1303 me
304 1256 433 1304 duce
472 1252 755 1302 Dardanius
793 1253 1019 1315 Spartam
1059 1249 1355 1315 expugnavit
1390 1251 1596 1310 adulter,

186 1345 271 1384 aut
307 1353 398 1400 ego
436 1337 533 1384 tela
569 1333 687 1384 dedi
725 1332 886 1382 fovive
925 1331 1178 1395 Cupidine
1215 1332 1381 1381 bella?

186 1426 292 1466 tum
329 1416 497 1467 decuit
533 1415 769 1464 metuisse
806 1414 934 1463 tuis:
987 1431 1122 1463 nunc
1159 1431 1266 1463 sera
1303 1414 1514 1477 querelis

186 1498 320 1547 haud
356 1496 495 1546 iustis
531 1495 755 1560 adsurgis
793 1505 842 1544 et
879 1494 1022 1543 inrita
1060 1494 1213 1558 iurgia
1250 1494 1432 1543 iactas.‘'
1816 1517 1868 1559 95

255 1578 461 1628 Talibus
498 1578 671 1627 orabat
711 1579 854 1637 Iuno,
897 1576 1164 1640 cunctique
1202 1576 1479 1624 fremebant

186 1660 450 1710 caelicolae
485 1663 703 1710 adsensu
742 1659 891 1720 vario,
933 1677 1025 1708 ceu
1065 1659 1267 1708 flamina
1302 1659 1461 1723 prima

185 1760 301 1792 cum
337 1745 581 1806 deprensa
618 1744 835 1791 fremunt
873 1741 1005 1790 silvis
1046 1750 1095 1791 et
1131 1759 1280 1790 caeca
1315 1743 1540 1791 volutant

185 1842 436 1873 murmura
471 1834 705 1874 venturos
746 1823 908 1873 nautis
948 1823 1210 1887 prodentia
1245 1833 1433 1873 ventos.

185 1916 290 1955 tum
327 1916 465 1971 pater
500 1906 832 1970 omnipotens,
875 1923 1037 1955 rerum
1075 1906 1156 1955 cui
1193 1906 1352 1969 prima
1386 1915 1618 1970 potestas,
1791 1925 1868 1958 100

184 1987 292 2036 infit
327 1987 411 2052 (eo
448 1988 646 2038 dicente
685 1990 837 2038 deum
877 1990 1059 2038 domus
1096 1991 1195 2037 alta
1232 1989 1414 2038 silescit

185 2078 233 2118 et
269 2072 555 2119 tremefacta
592 2072 698 2119 solo
737 2072 893 2129 tellus,
936 2069 1046 2119 silet
1082 2073 1265 2120 arduus
1302 2072 1483 2130 aether,

184 2160 291 2200 tum
327 2152 538 2215 Zephyri
573 2169 796 2216 posuere,
841 2152 1019 2216 premit
1060 2152 1257 2216 placida
1293 2170 1510 2216 aequora
1546 2150 1781 2217 pontus):

188 2232 426 2296 ‘accipite
463 2251 578 2297 ergo
615 2233 793 2282 animis
831 2243 981 2298 atque
1020 2236 1144 2284 haec
1181 2251 1293 2284 mea
1329 2235 1462 2298 figite
1498 2234 1643 2284 dicta.

184 2315 594 2379 quandoquidem
633 2316 889 2366 Ausonios
930 2317 1165 2380 coniungi
1201 2319 1402 2366 foedere
1437 2316 1643 2365 Teucris
1756 2336 1861 2384 ,¹05

183 2398 318 2446 haud
355 2397 557 2458 licitum,
598 2416 691 2448 nec
727 2409 887 2448 vestra
925 2400 1057 2463 capit
1093 2397 1342 2449 discordia
1377 2400 1542 2459 finem,

183 2494 311 2540 quae
347 2478 528 2543 cuique
565 2490 639 2530 est
676 2484 874 2531 fortuna
910 2482 1074 2542 hodie,
1103 2498 1255 2545 quam
1288 2481 1498 2545 quisque
1534 2488 1669 2530 secat
1704 2496 1856 2544 spem,

184 2561 309 2608 Tros
348 2562 631 2611 Rutulusne
668 2566 783 2624 fuat,
826 2565 965 2613 nullo
1003 2563 1287 2613 discrimine
1323 2563 1535 2622 habebo,

183 2658 270 2689 seu
306 2642 416 2691 fatis
456 2645 639 2693 Italum
676 2654 835 2694 castra
871 2645 1134 2694 obsidione
1170 2654 1400 2694 tenentur

183 2722 285 2771 sive
321 2741 481 2774 errore
520 2729 652 2776 malo
689 2725 869 2776 Troiae
907 2726 1209 2790 monitisque
1247 2726 1464 2775 sinistris.
1783 2736 1861 2772 110

237 2858 403 2896 80-110
432 2856 563 2896 MPR
811 2860 864 2907 83
895 2855 958 2909 et]
990 2863 1035 2897 tu
1064 2855 1298 2896 Markland
1312 2856 1483 2895 Ribbeck
1603 2853 1763 2894 classes
1792 2850 1863 2891 Mc

182 2911 237 2958 96
260 2911 384 2963 Iuno]
410 2913 535 2951 dictis
556 2911 638 2962 Ργ1
828 2925 907 2951 100
936 2913 1071 2962 prima
1092 2911 1249 2962 M¹R72
1269 2926 1277 2949 :
1319 2924 1481 2951 summa
1510 2910 1625 2948 ceteri
1781 2920 1857 2958 105

183 2964 389 3004 Ausoniis
409 2965 515 3017 P²71
621 2963 816 3005 'Teucros
835 2965 919 3018 P71
1063 2967 1141 3005 106
1170 2966 1331 3005 licitum
1353 2970 1419 3004 est
1439 2964 1503 3003 Rc
1519 2964 1635 3004 Serv.
1781 2962 1858 3002 108

185 3018 426 3059 Rutulusve
447 3020 628 3071 7a²b²cm
799 3033 875 3060 110
905 3021 1129 3059 monitisve
1149 3020 1275 3071 P7¹b1
