2020 3372
1331 186 1754 237 GEORGICON
1791 188 1818 234 Ι

149 326 388 378 continuo
423 325 581 375 ventis
617 325 928 389 surgentibus
964 334 1048 374 aut
1083 327 1205 374 freta
1239 324 1380 388 ponti

148 408 390 472 incipiunt
425 407 605 471 agitata
640 415 913 455 tumescere
950 415 998 455 et
1033 406 1198 455 aridus
1234 405 1344 454 altis

149 490 402 540 montibus
437 488 595 537 audiri
630 490 801 551 fragor,
840 497 924 536 aut
960 487 1241 536 resonantia
1275 489 1421 550 longe

147 572 289 621 litora
325 571 518 620 misceri
554 580 602 619 et
637 587 898 619 nemorum
933 569 1295 618 increbrescere
1331 586 1562 617 murmur.

148 655 246 702 iam
284 652 378 702 sibi
415 662 520 701 tum
557 651 716 701 curvis
754 653 883 700 male
920 660 1160 714 temperat
1197 652 1334 699 unda
1368 649 1558 709 carinis,
1737 657 1816 708 360

147 752 261 783 cum
299 733 466 783 medio
504 735 685 782 celeres
722 735 943 782 revolant
980 750 1038 781 ex
1072 749 1288 795 aequore
1324 730 1477 794 mergi

146 818 514 878 clamoremque
550 817 711 863 ferunt
747 817 812 864 ad
848 814 1003 874 litora,
1042 831 1257 877 cumque
1293 813 1511 861 marinae

146 896 197 944 in
233 896 366 945 sicco
402 898 580 945 ludunt
617 895 808 956 fulicae,
848 905 1091 958 notasque
1126 896 1333 957 paludes

141 967 326 1027 'deserit
363 987 512 1040 atque
550 979 699 1025 altam
740 994 886 1040 supra
921 978 1053 1025 volat
1088 977 1238 1024 ardea
1273 976 1473 1024 nubem.

146 1077 293 1123 saepe
330 1060 478 1108 etiam
518 1061 681 1108 stellas
718 1068 868 1107 vento
910 1057 1231 1120 impendente
1267 1056 1459 1106 videbis
1737 1064 1814 1115 365

144 1141 422 1204 praecipitis
461 1143 599 1190 caelo
635 1140 749 1200 labi,
789 1139 1049 1202 noctisque
1084 1155 1172 1202 per
1206 1139 1434 1187 umbram

145 1224 455 1271 flammarum
492 1225 667 1285 longos
703 1239 732 1270 a
768 1231 903 1284 tergo
939 1221 1189 1269 albescere
1224 1229 1442 1279 tractus;

145 1320 292 1366 saepe
328 1305 487 1352 levem
524 1305 718 1366 paleam
754 1312 802 1351 et
838 1303 1038 1351 frondes
1074 1301 1277 1349 volitare
1312 1302 1539 1359 caducas,

144 1393 229 1433 aut
265 1401 459 1433 summa
496 1384 658 1432 nantis
695 1383 746 1431 in
782 1400 912 1446 aqua
947 1383 1216 1431 conludere
1250 1383 1458 1444 plumas.

144 1475 194 1514 at
231 1468 419 1514 Boreae
456 1467 519 1514 de
555 1474 692 1528 parte
728 1464 877 1513 trucis
913 1481 1028 1512 cum
1064 1462 1292 1511 fulminat
1328 1472 1376 1511 et
1412 1479 1527 1510 cum
1734 1479 1815 1522 370

145 1547 364 1610 Eurique
401 1547 711 1610 Zephyrique
747 1556 886 1595 tonat
923 1547 1116 1604 domus,
1156 1543 1324 1593 omnia
1360 1543 1518 1607 plenis

144 1639 254 1676 rura
289 1638 461 1676 natant
498 1628 641 1677 fossis
677 1638 826 1691 atque
862 1626 1024 1676 omnis
1061 1625 1225 1674 navita
1260 1634 1417 1687 ponto

145 1708 315 1758 umida
349 1711 457 1758 vela
493 1709 620 1772 legit.
695 1725 969 1771 numquam
1004 1705 1402 1769 imprudentibus
1438 1704 1598 1753 imber

145 1790 335 1839 obfuit:
372 1800 457 1838 aut
492 1790 631 1838 illum
668 1798 949 1853 surgentem
984 1787 1192 1836 vallibus
1228 1786 1339 1835 imis

143 1871 302 1921 aeriae
338 1874 504 1935 fugere
539 1888 696 1935 grues,
735 1880 819 1919 aut
856 1871 1037 1919 bucula
1072 1871 1265 1918 caelum
1734 1885 1810 1927 375

144 1953 416 2016 suspiciens
452 1952 630 2016 patulis
667 1951 880 2015 captavit
915 1951 1114 1999 naribus
1149 1967 1305 2008 auras,

144 2043 228 2082 aut
263 2044 432 2097 arguta
466 2037 601 2083 lacus
639 2032 1046 2082 circumvolitavit
1081 2031 1296 2080 hirundo

144 2124 193 2163 et
228 2125 443 2164 veterem
479 2115 530 2163 in
566 2116 686 2163 limo
722 2131 869 2162 ranae
906 2113 1128 2162 cecinere
1169 2114 1433 2175 querelam.

145 2196 338 2258 saepius
375 2206 423 2245 et
458 2196 598 2245 tectis
635 2195 968 2259 penetralibus
1004 2193 1176 2243 extulit
1211 2210 1304 2242 ova

143 2288 406 2341 angustum
441 2277 647 2326 formica
681 2286 843 2325 terens
880 2276 981 2335 iter,
1022 2284 1070 2324 et
1106 2274 1232 2323 bibit
1266 2274 1440 2337 ingens
1732 2282 1811 2331 380

142 2380 297 2422 arcus,
338 2372 386 2411 et
422 2379 449 2411 e
484 2371 628 2426 pastu
665 2363 914 2410 decedens
950 2359 1146 2422 agmine
1181 2374 1364 2421 magno

143 2461 402 2492 corvorum
438 2442 680 2506 increpuit
717 2442 883 2491 densis
920 2440 1159 2490 exercitus
1195 2439 1297 2487 alis.

142 2524 240 2573 iam
276 2525 437 2573 variae
471 2524 631 2588 pelagi
666 2525 890 2573 volucres
926 2531 975 2571 et
1010 2538 1138 2585 quae
1174 2520 1293 2568 Asia
1330 2519 1511 2568 circum

143 2605 371 2655 dulcibus
407 2606 458 2654 in
495 2605 678 2670 stagnis
713 2605 952 2653 rimantur
986 2612 1124 2667 prata
1159 2601 1383 2665 Caystri:

142 2687 365 2736 certatim
400 2690 558 2751 largos
595 2686 775 2735 umeris
810 2685 1071 2734 infundere
1103 2701 1248 2743 rores,
1731 2689 1806 2738 385

143 2787 276 2818 nunc
312 2778 460 2832 caput
495 2767 743 2817 obiectare
778 2766 925 2826 fretiS,
960 2783 1094 2814 nunc
1130 2781 1321 2813 currere
1357 2763 1408 2810 in
1445 2762 1604 2810 undas

198 2902 388 2951 356-386
399 2899 491 2938 MR
657 2901 738 2948 360
754 2913 778 2937 a
793 2898 932 2936 curvis
949 2897 1039 2936 Rbc
1047 2895 1294 2934 Arusianus
1451 2895 1531 2943 365
1562 2892 1808 2941 impellente

142 2955 395 2994 Parrhasius
414 2953 512 2992 Voss
732 2966 812 3003 373
833 2952 1114 3002 prudentibus
1130 2949 1182 2987 M
1189 2949 1204 2971 ¹
1415 2950 1497 2997 383
1517 2947 1658 2985 variae
1671 2945 1807 2994 MR71

142 3010 282 3049 varias
307 3009 440 3059 7²bc²vr
454 3009 760 3048 Canonicianus
777 3007 894 3045 schol.
914 3006 1052 3055 Bern.‚
1075 3010 1296 3055 utrumque
1307 3004 1490 3055 agnoscit
1499 3001 1614 3040 Serv.
1633 2999 1811 3051 praefert

142 3064 218 3103 hoc
298 3069 341 3102 et
360 3077 467 3113 quae
487 3064 561 3114 ’γὸε
578 3063 691 3102 Serv.
713 3077 721 3100 z
753 3068 881 3111 atque
901 3061 974 3099 M:
1006 3061 1144 3110 adque
1165 3060 1207 3097 R
1333 3058 1414 3106 386
1435 3057 1591 3096 undam
1611 3055 1664 3093 M
1669 3054 1758 3104 2R7
