2014 3372
1340 136 1484 184 AEN
1490 136 1699 187 EIDOS
1735 136 1812 185 XI

150 276 274 324 haec
310 291 422 324 mea
459 291 635 339 magna
672 275 836 324 fides?
882 284 932 324 at
967 292 1084 335 non,
1124 277 1370 336 Euandre,
1407 275 1655 339 pudendis

150 355 435 406 vulneribus
471 358 668 420 pulsum
706 355 926 419 aspicies,
965 373 1059 405 nec
1095 356 1278 419 sospite
1313 355 1475 405 dirum

150 436 347 502 optabis
383 445 502 486 nato
538 438 684 485 funus
721 445 870 500 pater.
944 436 1025 485 hei
1061 436 1196 496 mihi,
1235 445 1475 499 quantum

149 517 465 580 praesidium,
503 517 739 578 Ausonia,
779 526 828 567 et
863 527 1104 581 quantum
1141 527 1193 566 tu
1228 517 1405 581 perdis,
1448 519 1555 565 Iule
1575 518 1612 565 l'

222 599 365 646 Haec
402 597 490 647 ubi
525 597 736 658 deflevit,
778 597 882 647 tolli
919 597 1196 646 miserabile
1231 612 1409 660 corpus

150 677 372 742 imperat,
411 688 460 728 et
495 689 601 729 toto
637 681 791 728 lectos
827 696 886 728 ex
920 679 1117 743 agmine
1153 678 1302 727 mittit

137 758 284 827 *mille
320 759 448 809 viros
485 759 570 824 qui
606 776 891 824 supremum
927 760 1224 809 comitentur
1258 761 1499 808 honorem

151 839 474 903 intersintque
510 840 660 904 patris
696 841 922 901 lacrimis,
961 841 1143 890 solacia
1177 843 1336 890 luctus

150 921 324 985 exigua
358 921 584 985 ingentis,
623 921 801 971 misero
837 924 925 972 sed
960 922 1129 971 debita
1163 921 1300 986 patri.

150 1005 285 1052 haud
324 1020 497 1067 segnes
532 1003 615 1052 alii
650 1003 793 1053 cratis
829 1013 878 1053 et
914 1006 1063 1053 molle
1098 1005 1328 1053 feretrum

149 1084 364 1133 arbuteis
401 1093 574 1133 texunt
606 1084 749 1148 virgis
786 1094 834 1134 et
870 1084 1052 1134 vimine
1084 1100 1274 1148 querno

152 1174 522 1231 exstructosque
562 1175 693 1215 toros
731 1168 939 1215 obtentu
976 1166 1162 1215 frondis
1199 1165 1495 1214 inumbrant.

150 1245 231 1295 hic
270 1245 498 1296 iuvenem
536 1246 712 1310 agresti
749 1247 1012 1296 sublimem
1048 1246 1280 1295 stramine
1315 1253 1537 1309 ponunt:

151 1329 348 1390 qualem
385 1327 602 1391 virgineo
637 1329 921 1377 demessum
958 1328 1136 1391 pollice
1171 1329 1342 1376 florem

151 1425 237 1457 seu
276 1409 436 1458 mollis
473 1409 631 1458 violae
668 1427 754 1459 seu
791 1409 1067 1473 languentis
1103 1408 1366 1472 hyacinthi,

150 1489 230 1538 cui
267 1507 429 1553 neque
467 1492 624 1552 fulgor
658 1492 823 1540 adhuc
859 1507 952 1540 nec
987 1491 1109 1548 dum
1146 1506 1233 1538 sua
1268 1491 1425 1539 forma
1460 1486 1670 1548 recessit,

150 1587 251 1619 non
289 1570 386 1619 iam
425 1580 580 1619 mater
614 1571 700 1619 alit
736 1573 878 1620 tellus
914 1571 1127 1634 virisque
1163 1570 1414 1618 ministrat.

150 1661 255 1700 tum
291 1652 511 1716 geminas
549 1652 696 1702 vestis
732 1670 951 1716 auroque
988 1662 1220 1715 ostroque
1255 1650 1452 1714 rigentis

149 1733 320 1781 extulit
356 1736 564 1794 Aeneas,
605 1751 726 1797 quas
762 1734 831 1782 illi
866 1736 993 1783 laeta
1027 1734 1253 1783 laborum

149 1813 255 1876 ipsa
291 1814 390 1863 suis
429 1816 684 1878 quondam
722 1815 949 1864 manibus
986 1814 1192 1864 Sidonia
1228 1813 1364 1863 Dido

149 1896 329 1943 fecerat
364 1905 412 1944 et
442 1896 586 1945 ‘tenui
623 1897 744 1945 telas
780 1896 1074 1945 discreverat
1108 1912 1241 1945 auro.

149 1975 322 2023 harum
359 1994 510 2025 unam
549 1977 715 2026 iuveni
750 1994 1035 2040 supremum
1071 1986 1287 2025 maestus
1323 1978 1564 2024 honorem

149 2055 310 2105 induit
345 2074 635 2121 arsurasque
672 2074 841 2108 comas
878 2057 1089 2107 obnubit
1123 2057 1322 2117 amictu,

150 2139 403 2200 multaque
438 2148 689 2202 praeterea
728 2139 986 2188 Laurentis
1022 2139 1239 2202 praemia
1273 2154 1467 2201 pugnae

148 2227 344 2280 aggerat
379 2228 427 2267 et
463 2221 612 2283 longo
650 2222 885 2283 praedam
921 2220 1059 2269 iubet
1094 2219 1266 2269 ordine
1302 2218 1447 2277 duci;

149 2298 289 2346 addit
324 2315 479 2362 equos
515 2309 564 2348 et
601 2303 698 2349 tela
735 2301 915 2364 quibus
953 2300 1246 2364 spoliaverat
1280 2302 1487 2347 hostem.

151 2377 367 2427 vinxerat
403 2389 451 2429 et
488 2390 600 2443 post
637 2391 771 2444 terga
806 2400 995 2442 manus,
1036 2399 1161 2445 quos
1198 2381 1410 2430 mitteret
1446 2379 1631 2429 umbris

151 2458 358 2520 inferiaS‚
399 2478 544 2510 caeso
580 2479 833 2525 sparsurus
871 2463 1109 2526 sanguine
1146 2465 1383 2521 flammas,

150 2538 451 2603 indutosque
487 2540 626 2590 iubet
661 2551 860 2591 truncos
898 2543 1160 2592 hostilibus
1195 2542 1342 2591 armis

151 2618 284 2681 ipsos
320 2622 442 2670 ferre
479 2623 631 2671 duces
668 2622 968 2686 inimicaque
1004 2623 1208 2672 nomina
1243 2623 1337 2686 figi.

152 2699 347 2748 ducitur
382 2701 549 2750 infelix
584 2720 708 2752 aevo
744 2706 1000 2753 confectus
1037 2707 1264 2763 Acoetes,

152 2789 352 2842 pectora
389 2798 522 2830 nunc
558 2785 763 2832 foedans
799 2785 991 2848 pugnis,
1030 2802 1163 2833 nunc
1199 2784 1445 2848 unguibus
1482 2801 1579 2841 ora,

1760 294 1810 336 55

1761 685 1815 726 60

1761 1911 1807 1954 75

1725 2308 1809 2348 >So

1759 2711 1809 2762 85

175 2909 179 2911 “
209 2908 344 2957 55-86
362 2909 492 2948 MPR
719 2912 776 2949 60
803 2910 990 2963 agmine]
1011 2911 1160 2950 ordine
1179 2911 1261 2950 PR
1512 2913 1564 2949 82
1595 2922 1816 2960 sparsuros

153 2959 269 2998 a⁹bc1r
378 2964 582 3002 flammam
603 2964 674 3015 Ry

214 3041 342 3071 VERG.
1657 3026 1712 3073 95
