2014 3372
1361 119 1723 168 AENEIDos
1759 118 1835 180 x1

173 252 465 316 invictisque
500 252 612 302 viris
647 253 873 317 gerimus,
915 271 1040 318 quos
1076 256 1213 303 nulla
1247 253 1450 319 fatigant

173 334 358 398 proelia
393 352 486 384 nec
522 334 637 383 victi
673 344 881 399 possunt
916 335 1153 385 absistere
1189 338 1327 385 ferro.

172 433 312 479 spem
349 416 389 465 si
427 434 574 480 quam
611 416 775 466 ascitis
811 419 1048 466 Aetolum
1085 417 1326 466 habuistis
1362 417 1413 465 in
1449 417 1608 476 armis,

172 497 354 559 ponite.
429 514 541 560 spes
567 497 660 547 sibi
685 497 894 562 quisque
911 516 926 558 ,·
961 499 1050 547 sed
1075 499 1198 547 haec
1224 515 1373 561 quam
1399 507 1607 562 angusta
1630 497 1819 547 videtis.

173 586 334 626 cetera
370 595 467 641 qua
503 595 663 627 rerum
700 578 893 627 iaceant
928 580 1153 642 perculsa
1188 578 1339 638 ruina,
1760 598 1836 636 310

170 668 286 708 ante
323 662 494 707 oculos
530 659 754 722 interque
790 676 966 707 manus
1002 668 1116 708 sunt
1152 659 1321 708 omnia
1354 668 1550 708 vestras.

140 757 264 791 ‚nec
300 757 601 804 quemquam
638 741 844 790 incuso:
892 741 1053 804 potuit
1089 758 1216 804 quae
1251 743 1461 804 plurima
1495 741 1645 790 virtus

171 838 293 881 esse,
332 822 423 870 fuit
443 841 456 883 3
503 832 609 871 toto
646 832 885 871 certatum
922 831 995 872 est
1031 840 1237 886 corpore
1273 822 1420 886 regni.

171 920 304 951 nunc
339 905 468 952 adeo
505 920 632 967 quae
669 904 730 952 sit
767 904 949 953 dubiae
986 904 1231 953 sententia
1266 904 1434 964 menti,

170 984 429 1047 expediam
465 994 514 1033 et
548 984 720 1047 paucis
757 984 970 1047 (animos
1005 984 1261 1050 adhibete)
1299 986 1506 1034 docebo.
1758 1004 1834 1044 315

170 1074 244 1113 est
279 1065 510 1128 antiquus
546 1083 660 1130 ager
696 1068 864 1115 Tusco
902 1066 1022 1114 mihi
1058 1066 1310 1130 proximus
1346 1066 1493 1126 amni,

168 1147 344 1209 longus
381 1146 433 1194 in
468 1164 715 1207 occasum,
754 1146 865 1195 finis
902 1164 1047 1210 super
1082 1165 1240 1210 usque
1277 1148 1480 1197 Sicanos
1498 1167 1510 1208 3

168 1227 391 1276 Aurunci
431 1227 705 1291 Rutulique
742 1237 921 1288 serunt,
962 1238 1010 1277 et
1046 1244 1245 1277 vomere
1281 1230 1431 1277 duros

168 1318 396 1357 exercent
432 1308 570 1357 collis
605 1318 755 1373 atque
791 1311 967 1358 horum
1004 1309 1270 1373 asperrima
1305 1318 1526 1373 pascunt.

167 1390 290 1439 haec
328 1390 490 1438 omnis
526 1390 659 1453 regio
696 1400 745 1439 et
780 1390 898 1439 celsi
934 1393 1078 1454 plaga
1114 1391 1261 1454 pinea
1296 1390 1479 1439 montis
1755 1411 1834 1450 320

166 1472 311 1520 cedat
345 1470 591 1521 amicitiae
627 1474 947 1531 Teucrorum,
988 1481 1036 1521 et
1073 1472 1285 1521 foederis
1320 1489 1503 1534 aequas

166 1551 389 1601 dicamus
426 1554 558 1615 leges
594 1552 856 1615 sociosque
891 1553 942 1600 in
979 1569 1128 1615 regna
1163 1569 1428 1601 vocemus:

165 1633 441 1694 considant,
482 1633 521 1682 si
557 1643 722 1682 tantus
758 1650 908 1694 amor,
949 1643 998 1682 et
1035 1633 1235 1682 moenia
1271 1635 1502 1683 condant.

166 1714 241 1762 sin
276 1714 398 1763 alios
434 1714 546 1763 finis
580 1714 828 1778 aliamque
864 1731 1118 1778 capessere
1150 1724 1347 1778 gentem

165 1804 239 1844 est
274 1796 468 1844 animus
505 1805 814 1859 possuntque
851 1798 959 1845 solo
995 1798 1237 1846 decedere
1274 1806 1457 1857 nostro,
1752 1818 1829 1859 325

165 1876 240 1925 bis
277 1878 430 1926 denas
469 1879 596 1926 Italo
632 1886 854 1926 texamus
890 1878 1066 1926 robore
1103 1877 1239 1926 navis
1255 1896 1269 1938 3

164 1974 251 2006 seu
287 1958 438 2021 pluris
474 1961 722 2021 complere
758 1960 934 2017 valent,
974 1958 1100 2007 iacet
1136 1958 1298 2006 omnis
1333 1960 1398 2007 ad
1434 1961 1619 2008 undam

165 2039 420 2088 materies:
470 2038 563 2102 ipsi
598 2055 960 2101 numerumque
996 2040 1303 2101 modumque
1339 2039 1514 2087 carinis

163 2119 477 2183 praecipiant,
517 2137 609 2170 nos
645 2138 769 2180 aera,
811 2137 1000 2180 manus,
1039 2119 1231 2168 navalia
1266 2121 1454 2168 demus.

163 2210 424 2264 praeterea,
465 2202 550 2265 qui
585 2202 719 2251 dicta
754 2204 911 2251 ferant
946 2211 994 2250 et
1030 2203 1230 2250 foedera
1267 2203 1462 2250 firment
1750 2223 1829 2262 330

164 2292 363 2331 centum
400 2293 615 2332 oratores
652 2283 810 2347 prima
846 2285 910 2333 de
945 2292 1091 2346 gente
1128 2282 1332 2331 Latinos

162 2362 231 2411 ire
266 2365 427 2426 placet
462 2364 697 2427 pacisque
733 2382 884 2413 manu
920 2365 1241 2427 praetendere
1278 2379 1453 2422 ramos,

163 2459 367 2492 munera
401 2445 641 2507 portantis
677 2445 881 2508 aurique
918 2445 1180 2507 eborisque
1216 2446 1399 2492 talenta

163 2533 210 2572 et
247 2527 417 2573 sellam
453 2526 588 2589 regni
624 2527 944 2589 trabeamque
980 2526 1190 2589 insignia
1225 2525 1390 2574 nostri.

163 2605 404 2654 consulite
440 2606 491 2653 in
528 2607 750 2655 medium
786 2616 835 2656 et
870 2608 1016 2656 rebus
1053 2606 1318 2656 succurrite
1354 2605 1522 2655 fessis.'
1746 2627 1822 2667 335

230 2688 361 2733 Tum
399 2689 620 2737 Drances
656 2689 790 2738 idern
827 2688 1061 2748 infensus,
1100 2706 1248 2752 quern
1285 2687 1438 2751 gloria
1474 2686 1629 2735 Turni

162 2766 365 2830 obliqua
400 2768 584 2818 invidia
620 2770 928 2833 stimulisque
962 2770 1178 2832 agitabat
1214 2769 1403 2828 amariS‚

215 2898 403 2946 306—337
427 2897 557 2936 MPR
721 2910 801 2948 315
831 2904 873 2938 et
894 2913 977 2943 om.
999 2898 1090 2949 P27
1199 2911 1280 2948 319
1309 2904 1436 2948 atque
1458 2898 1629 2950 horum]
1654 2904 1821 2950 tesquo-

162 2961 255 2988 rum
276 2948 449 3003 Madvig
612 2965 691 3003 324
722 2954 838 3006 -que]
863 2967 932 2993 ·ve
951 2953 1081 3005 P7b¹c
1242 2966 1321 3003 335
1354 2952 1498 3005 fessis]
1519 2953 1674 2992 vestris
1693 2953 1776 3006 P7¹
1809 2993 1812 2994 γ
