2014 3372
1290 141 1653 200 AENEIDOS
1690 141 1827 188 VIII

155 295 204 334 et
238 287 411 348 procul
447 303 475 334 e
509 286 734 333 tumulo:
789 283 1031 343 ‘iuvenes‚
1069 300 1198 347 quae
1234 300 1383 332 causa
1416 283 1611 346 subegit

155 366 345 429 ignotas
382 376 622 430 temptare
656 365 799 413 vias?
844 382 947 428 quo
983 365 1184 414 tenditis
1198 367 1251 414 ·?'
1298 365 1470 428 inquit.

158 446 270 510 ‘qui
305 449 498 511 genus?
544 448 679 495 unde
714 448 907 495 domo?
947 463 1190 508 pacemne
1225 448 1324 495 huc
1360 446 1494 496 fertis
1529 464 1594 495 an
1629 449 1827 495 arma?'

153 537 260 576 tum
296 538 433 592 pater
467 531 664 577 Aeneas
700 527 856 591 puppi
891 526 962 575 sic
997 530 1124 575 fatur
1156 529 1221 576 ab
1256 530 1355 576 alta
1749 549 1824 588 115

153 609 498 673 paciferaeque
534 627 686 658 manu
721 626 914 657 ramum
950 609 1228 671 praetendit
1264 609 1450 659 olivae:

156 691 484 754 ‘Troiugenas
520 708 578 739 ac
615 693 712 739 tela
746 690 885 740 vides
921 689 1122 738 inimica
1157 690 1361 750 Latinis,

153 789 280 835 quos
317 772 386 820 illi
421 773 554 822 bello
590 774 824 836 profugos
861 788 1003 834 egere
1039 772 1266 835 superbo.

154 850 444 902 Euandrum
479 853 706 917 petimus.
780 855 902 902 ferte
938 855 1061 902 haec
1097 863 1146 902 et
1183 853 1332 902 dicite
1368 855 1522 902 lectos

154 935 436 984 Dardaniae
471 935 665 984 venisse
700 937 855 984 duces
891 935 1028 984 socia
1061 952 1199 983 arma
1234 935 1480 998 rogantis.’
1747 955 1826 983 120

151 1015 392 1079 obstipuit
428 1026 567 1065 tanto
604 1033 864 1079 percussus
900 1015 1105 1065 nomine
1142 1018 1335 1064 Pallas:

153 1099 412 1161 ‘egredere
448 1115 479 1147 o
517 1098 821 1161 quicumque
856 1101 939 1158 es,'
975 1099 1044 1147 ait
1083 1103 1371 1162 ‘coramque
1407 1108 1664 1162 parentem

149 1183 419 1244 adloquere
455 1199 514 1230 ac
550 1182 727 1230 nostris
765 1184 979 1231 succede
1015 1182 1278 1246 penatibus
1315 1184 1528 1244 hospes.'

150 1262 442 1326 excepitque
479 1280 630 1311 manu
667 1265 992 1326 dextramque
1026 1265 1281 1325 amplexus
1318 1262 1541 1311 inhaesit.

150 1344 394 1406 progressi
431 1345 648 1392 subeunt
684 1346 798 1392 luco
834 1344 1143 1407 fluviumque
1179 1344 1479 1407 relinquunt.
1746 1364 1819 1404 125

216 1428 349 1474 Tum
386 1442 550 1489 regern
585 1428 782 1473 Aeneas
818 1425 963 1474 dictis
998 1428 1192 1474 adfatur
1226 1425 1426 1474 amicis:

152 1506 366 1569 ‘optime
403 1507 752 1570 Graiugenum,
791 1506 872 1554 cui
908 1523 989 1555 me
1026 1509 1244 1556 Fortuna
1279 1506 1466 1569 precari

147 1595 197 1635 et
232 1587 351 1636 vitta
387 1596 614 1650 comptos
651 1587 806 1635 voluit
842 1589 1164 1649 praetendere
1200 1604 1377 1647 ramos,

146 1686 249 1716 non
286 1669 520 1731 equidem
557 1668 760 1717 extimui
799 1671 1031 1716 Danaum
1068 1671 1205 1731 quod
1244 1671 1421 1718 ductor
1456 1678 1506 1718 et
1541 1671 1695 1718 Arcas

146 1751 384 1813 quodque
420 1767 449 1798 a
485 1750 634 1812 stirpe
670 1751 798 1798 fores
834 1749 1044 1812 geminis
1083 1750 1379 1798 coniunctus
1417 1750 1602 1800 Atridis
1620 1770 1634 1812 ;
1743 1771 1820 1810 130

145 1834 234 1880 sed
271 1850 382 1881 mea
418 1849 498 1880 me
533 1832 683 1880 virtus
721 1841 770 1880 et
806 1842 976 1880 sancta
1011 1834 1209 1880 oracula
1245 1832 1415 1881 divum

144 1912 441 1975 cognatique
477 1921 653 1975 patres,
692 1921 777 1961 tua
813 1912 950 1960 terris
986 1912 1144 1961 didita
1179 1914 1323 1972 fama,

144 1993 443 2043 coniunxere
481 1994 570 2042 tibi
606 2003 655 2042 et
691 1993 801 2042 fatis
838 2011 980 2057 egere
1016 1996 1279 2042 volentem.

146 2077 423 2135 Dardanus,
464 2076 645 2124 Iliacae
682 2076 868 2138 primus
905 2085 1042 2139 pater
1079 2076 1213 2124 urbis
1250 2086 1299 2124 et
1335 2087 1519 2137 auctor,

144 2159 352 2216 Electra,
392 2167 446 2205 ut
484 2157 600 2206 Grai
637 2156 912 2219 perhibent,
953 2157 1208 2206 Atlantide
1245 2168 1418 2218 cretus,
1738 2180 1813 2221 135

141 2239 400 2287 advehitur
435 2241 688 2299 Teucros;
737 2241 985 2287 Electram
1022 2239 1263 2288 maximus
1300 2242 1439 2288 Atlas

141 2317 311 2377 edidit,
349 2319 592 2367 aetherios
629 2335 800 2367 umero
837 2319 922 2381 qui
959 2319 1167 2368 sustinet
1202 2320 1347 2368 orbis.

139 2399 282 2447 vobis
321 2400 595 2448 Mercurius
631 2409 769 2463 pater
804 2410 892 2460 est,
931 2418 1080 2463 quem
1118 2401 1332 2450 candida
1370 2402 1505 2451 Maia

141 2482 376 2543 Cyllenae
412 2482 577 2545 gelido
615 2492 915 2545 conceptum
950 2483 1131 2532 vertice
1168 2483 1294 2532 fudit
1310 2503 1324 2545 3

139 2572 189 2609 at
228 2563 429 2623 Maiam,
467 2563 647 2612 auditis
684 2563 724 2612 si
762 2564 1029 2627 quicquam
1067 2564 1327 2625 credimus,
1366 2569 1520 2626 Atlas,
1734 2589 1810 2629 140

139 2641 274 2690 idern
310 2646 449 2691 Atlas
485 2652 683 2706 generat
719 2644 843 2692 caeli
878 2644 963 2707 qui
999 2644 1159 2693 sidera
1194 2646 1332 2694 tollit.

140 2721 210 2770 sic
246 2739 401 2785 genus
437 2724 698 2772 amborum
736 2724 915 2773 scindit
951 2742 1004 2773 se
1041 2725 1280 2788 sanguine
1317 2728 1380 2775 ab
1419 2745 1533 2777 uno,

139 2801 215 2850 his
252 2805 402 2851 fretus
440 2820 542 2851 non
579 2805 764 2866 legatos
802 2821 965 2867 neque
1001 2804 1158 2867 prima
1194 2822 1281 2867 per
1315 2815 1470 2855 artem

199 2920 385 2969 112-118
415 2930 611 2981 MPRV;
647 2945 833 2982 119—143
854 2931 986 2970 MPR
1173 2945 1248 2982 115
1281 2934 1393 2973 fatus
1412 2934 1499 2986 R-yl
1639 2950 1714 2987 123
1737 2937 1806 2993 ac]

140 2989 182 3022 et
203 2983 269 3021 llll
290 2984 452 3025 Nonius
592 2999 668 3036 139
699 2987 838 3025 fundit
859 2985 916 3024 Ρ1
1061 2999 1139 3036 140
1167 2989 1343 3028 creditis
1363 2989 1448 3041 Ργῑ
