<?xml version="1.0" encoding="UTF-8"?>
<!DOCTYPE html PUBLIC "-//W3C//DTD XHTML 1.0 Transitional//EN"
    "http://www.w3.org/TR/xhtml1/DTD/xhtml1-transitional.dtd">
<html xmlns="http://www.w3.org/1999/xhtml" xml:lang="en" lang="en">
 <head>
  <title>
</title>
<meta http-equiv="Content-Type" content="text/html;charset=utf-8" />
  <meta name='ocr-system' content='tesseract 3.04.00' />
  <meta name='ocr-capabilities' content='ocr_page ocr_carea ocr_par ocr_line ocrx_word'/>
</head>
<body>
  <div class='ocr_page' id='page_1' title='image "./operarecognovitb00virguoft/operarecognovitb00virguoft_0197.png"; bbox 0 0 2014 3372; ppageno 0'>
   <div class='ocr_carea' id='block_1_1' title="bbox 1317 157 1798 207">
    <p class='ocr_par' dir='ltr' id='par_1_1' title="bbox 1317 157 1798 207">
     <span class='ocr_line' id='line_1_1' title="bbox 1317 157 1798 207; baseline 0.002 -1"><span class='ocrx_word' id='word_1_1' title='bbox 1317 158 1676 207; x_wconf 91' lang='lat' dir='ltr'>AENEIDOS</span> <span class='ocrx_word' id='word_1_2' title='bbox 1714 157 1798 207; x_wconf 89' lang='grc' dir='ltr'>ΙΙΙ</span> 
     </span>
    </p>
   </div>
   <div class='ocr_carea' id='block_1_2' title="bbox 134 298 1540 763">
    <p class='ocr_par' dir='ltr' id='par_1_2' title="bbox 134 298 1540 603">
     <span class='ocr_line' id='line_1_2' title="bbox 137 298 1498 363; baseline -0.001 -16"><span class='ocrx_word' id='word_1_3' title='bbox 137 298 347 348; x_wconf 81' lang='lat' dir='ltr'>Palladis</span> <span class='ocrx_word' id='word_1_4' title='bbox 384 298 671 359; x_wconf 78' lang='lat' dir='ltr'>armisonae,</span> <span class='ocrx_word' id='word_1_5' title='bbox 712 315 841 362; x_wconf 92' lang='lat' dir='ltr'>quae</span> <span class='ocrx_word' id='word_1_6' title='bbox 876 298 1035 363; x_wconf 93' lang='lat' dir='ltr'>prima</span> <span class='ocrx_word' id='word_1_7' title='bbox 1068 298 1260 362; x_wconf 90' lang='lat' dir='ltr'>accepit</span> <span class='ocrx_word' id='word_1_8' title='bbox 1294 298 1498 357; x_wconf 93' lang='lat' dir='ltr'>ovantis,</span> 
     </span>
     <span class='ocr_line' id='line_1_3' title="bbox 135 379 1404 443; baseline -0.002 -14"><span class='ocrx_word' id='word_1_9' title='bbox 135 389 184 430; x_wconf 90' lang='lat' dir='ltr'>et</span> <span class='ocrx_word' id='word_1_10' title='bbox 220 380 381 443; x_wconf 90' lang='lat' dir='ltr'>capita</span> <span class='ocrx_word' id='word_1_11' title='bbox 416 389 530 429; x_wconf 90' lang='lat' dir='ltr'>ante</span> <span class='ocrx_word' id='word_1_12' title='bbox 565 396 671 428; x_wconf 92' lang='lat' dir='ltr'>aras</span> <span class='ocrx_word' id='word_1_13' title='bbox 709 379 920 442; x_wconf 89' lang='lat' dir='ltr'>Phrygio</span> <span class='ocrx_word' id='word_1_14' title='bbox 956 381 1176 428; x_wconf 91' lang='lat' dir='ltr'>velamur</span> <span class='ocrx_word' id='word_1_15' title='bbox 1210 379 1404 439; x_wconf 92' lang='lat' dir='ltr'>amictu,</span> 
     </span>
     <span class='ocr_line' id='line_1_4' title="bbox 134 460 1540 523; baseline 0 -15"><span class='ocrx_word' id='word_1_16' title='bbox 134 460 506 523; x_wconf 83' lang='lat' dir='ltr'>praeceptisque</span> <span class='ocrx_word' id='word_1_17' title='bbox 545 460 743 520; x_wconf 88' lang='lat' dir='ltr'>Heleni,</span> <span class='ocrx_word' id='word_1_18' title='bbox 784 462 988 509; x_wconf 84' lang='lat' dir='ltr'>dederat</span> <span class='ocrx_word' id='word_1_19' title='bbox 1024 477 1152 523; x_wconf 91' lang='lat' dir='ltr'>quae</span> <span class='ocrx_word' id='word_1_20' title='bbox 1188 460 1411 520; x_wconf 87' lang='lat' dir='ltr'>maxima,</span> <span class='ocrx_word' id='word_1_21' title='bbox 1451 460 1540 508; x_wconf 88' lang='lat' dir='ltr'>rite</span> 
     </span>
     <span class='ocr_line' id='line_1_5' title="bbox 137 540 1312 603; baseline 0.002 -15"><span class='ocrx_word' id='word_1_22' title='bbox 137 541 320 589; x_wconf 93' lang='lat' dir='ltr'>Iunoni</span> <span class='ocrx_word' id='word_1_23' title='bbox 354 540 563 603; x_wconf 91' lang='lat' dir='ltr'>Argivae</span> <span class='ocrx_word' id='word_1_24' title='bbox 598 541 756 590; x_wconf 91' lang='lat' dir='ltr'>iussos</span> <span class='ocrx_word' id='word_1_25' title='bbox 792 543 1049 590; x_wconf 84' lang='lat' dir='ltr'>adolemus</span> <span class='ocrx_word' id='word_1_26' title='bbox 1086 543 1312 590; x_wconf 86' lang='lat' dir='ltr'>honores.</span> 
     </span>
    </p>

    <p class='ocr_par' dir='ltr' id='par_1_3' title="bbox 135 621 1456 763">
     <span class='ocr_line' id='line_1_6' title="bbox 204 621 1456 686; baseline 0 -17"><span class='ocrx_word' id='word_1_27' title='bbox 204 623 360 670; x_wconf 91' lang='lat' dir='ltr'>Haud</span> <span class='ocrx_word' id='word_1_28' title='bbox 395 639 544 682; x_wconf 88' lang='lat' dir='ltr'>mora,</span> <span class='ocrx_word' id='word_1_29' title='bbox 585 622 824 671; x_wconf 91' lang='lat' dir='ltr'>continuo</span> <span class='ocrx_word' id='word_1_30' title='bbox 859 621 1087 686; x_wconf 91' lang='lat' dir='ltr'>perfectis</span> <span class='ocrx_word' id='word_1_31' title='bbox 1124 622 1296 671; x_wconf 87' lang='lat' dir='ltr'>ordine</span> <span class='ocrx_word' id='word_1_32' title='bbox 1330 622 1456 671; x_wconf 89' lang='lat' dir='ltr'>votis</span> 
     </span>
     <span class='ocr_line' id='line_1_7' title="bbox 135 703 1354 763; baseline 0.001 -12"><span class='ocrx_word' id='word_1_33' title='bbox 135 720 320 752; x_wconf 88' lang='lat' dir='ltr'>cornua</span> <span class='ocrx_word' id='word_1_34' title='bbox 354 705 623 751; x_wconf 89' lang='lat' dir='ltr'>velatarum</span> <span class='ocrx_word' id='word_1_35' title='bbox 660 703 962 752; x_wconf 89' lang='lat' dir='ltr'>obvertimus</span> <span class='ocrx_word' id='word_1_36' title='bbox 998 713 1354 763; x_wconf 89' lang='lat' dir='ltr'>antemnarum,</span> 
     </span>
    </p>
   </div>
   <div class='ocr_carea' id='block_1_3' title="bbox 136 783 1614 848">
    <p class='ocr_par' dir='ltr' id='par_1_4' title="bbox 136 783 1614 848">
     <span class='ocr_line' id='line_1_8' title="bbox 136 783 1614 848; baseline 0 -15"><span class='ocrx_word' id='word_1_37' title='bbox 136 783 571 847; x_wconf 85' lang='lat' dir='ltr'>Graiugenumque</span> <span class='ocrx_word' id='word_1_38' title='bbox 606 786 786 833; x_wconf 91' lang='lat' dir='ltr'>domos</span> <span class='ocrx_word' id='word_1_39' title='bbox 822 794 1150 848; x_wconf 85' lang='lat' dir='ltr'>suspectaque</span> <span class='ocrx_word' id='word_1_40' title='bbox 1185 785 1453 848; x_wconf 90' lang='lat' dir='ltr'>linquimus</span> <span class='ocrx_word' id='word_1_41' title='bbox 1488 802 1614 834; x_wconf 89' lang='lat' dir='ltr'>arva.</span> 
     </span>
    </p>
   </div>
   <div class='ocr_carea' id='block_1_4' title="bbox 135 864 1567 1495">
    <p class='ocr_par' dir='ltr' id='par_1_5' title="bbox 135 864 1477 1091">
     <span class='ocr_line' id='line_1_9' title="bbox 135 864 1477 931; baseline 0.001 -19"><span class='ocrx_word' id='word_1_42' title='bbox 135 865 251 913; x_wconf 91' lang='lat' dir='ltr'>hinc</span> <span class='ocrx_word' id='word_1_43' title='bbox 286 864 420 913; x_wconf 92' lang='lat' dir='ltr'>sinus</span> <span class='ocrx_word' id='word_1_44' title='bbox 458 865 696 914; x_wconf 92' lang='lat' dir='ltr'>Herculei</span> <span class='ocrx_word' id='word_1_45' title='bbox 733 865 795 930; x_wconf 90' lang='lat' dir='ltr'>(si</span> <span class='ocrx_word' id='word_1_46' title='bbox 829 883 943 915; x_wconf 89' lang='lat' dir='ltr'>vera</span> <span class='ocrx_word' id='word_1_47' title='bbox 978 876 1052 915; x_wconf 91' lang='lat' dir='ltr'>est</span> <span class='ocrx_word' id='word_1_48' title='bbox 1087 866 1238 931; x_wconf 85' lang='lat' dir='ltr'>fama)</span> <span class='ocrx_word' id='word_1_49' title='bbox 1275 866 1477 914; x_wconf 91' lang='lat' dir='ltr'>Tarenti</span> 
     </span>
     <span class='ocr_line' id='line_1_10' title="bbox 135 945 1271 1007; baseline 0.001 -13"><span class='ocrx_word' id='word_1_50' title='bbox 135 945 359 1005; x_wconf 89' lang='lat' dir='ltr'>cernitur,</span> <span class='ocrx_word' id='word_1_51' title='bbox 399 946 575 995; x_wconf 91' lang='lat' dir='ltr'>attollit</span> <span class='ocrx_word' id='word_1_52' title='bbox 612 963 665 995; x_wconf 94' lang='lat' dir='ltr'>se</span> <span class='ocrx_word' id='word_1_53' title='bbox 700 947 814 995; x_wconf 88' lang='lat' dir='ltr'>diva</span> <span class='ocrx_word' id='word_1_54' title='bbox 851 947 1053 996; x_wconf 92' lang='lat' dir='ltr'>Lacinia</span> <span class='ocrx_word' id='word_1_55' title='bbox 1089 957 1271 1007; x_wconf 93' lang='lat' dir='ltr'>contra,</span> 
     </span>
     <span class='ocr_line' id='line_1_11' title="bbox 136 1026 1404 1091; baseline 0 -14"><span class='ocrx_word' id='word_1_56' title='bbox 136 1026 475 1090; x_wconf 89' lang='lat' dir='ltr'>Caulonisque</span> <span class='ocrx_word' id='word_1_57' title='bbox 503 1045 642 1077; x_wconf 91' lang='lat' dir='ltr'>arces</span> <span class='ocrx_word' id='word_1_58' title='bbox 679 1037 729 1076; x_wconf 94' lang='lat' dir='ltr'>et</span> <span class='ocrx_word' id='word_1_59' title='bbox 763 1028 1067 1091; x_wconf 85' lang='lat' dir='ltr'>navifragum</span> <span class='ocrx_word' id='word_1_60' title='bbox 1103 1031 1404 1091; x_wconf 89' lang='lat' dir='ltr'>Scylaceum.</span> 
     </span>
    </p>

    <p class='ocr_par' dir='ltr' id='par_1_6' title="bbox 135 1109 1442 1172">
     <span class='ocr_line' id='line_1_12' title="bbox 135 1109 1442 1172; baseline 0.002 -16"><span class='ocrx_word' id='word_1_61' title='bbox 135 1117 241 1156; x_wconf 92' lang='lat' dir='ltr'>tum</span> <span class='ocrx_word' id='word_1_62' title='bbox 275 1111 448 1172; x_wconf 88' lang='lat' dir='ltr'>procul</span> <span class='ocrx_word' id='word_1_63' title='bbox 483 1126 510 1157; x_wconf 94' lang='lat' dir='ltr'>e</span> <span class='ocrx_word' id='word_1_64' title='bbox 545 1111 699 1158; x_wconf 92' lang='lat' dir='ltr'>fluctu</span> <span class='ocrx_word' id='word_1_65' title='bbox 734 1109 986 1158; x_wconf 90' lang='lat' dir='ltr'>Trinacria</span> <span class='ocrx_word' id='word_1_66' title='bbox 1021 1109 1232 1158; x_wconf 89' lang='lat' dir='ltr'>cernitur</span> <span class='ocrx_word' id='word_1_67' title='bbox 1266 1113 1442 1169; x_wconf 89' lang='lat' dir='ltr'>Aetna,</span> 
     </span>
    </p>

    <p class='ocr_par' dir='ltr' id='par_1_7' title="bbox 135 1189 1567 1495">
     <span class='ocr_line' id='line_1_13' title="bbox 135 1189 1413 1254; baseline 0.001 -16"><span class='ocrx_word' id='word_1_68' title='bbox 135 1198 185 1238; x_wconf 93' lang='lat' dir='ltr'>et</span> <span class='ocrx_word' id='word_1_69' title='bbox 219 1189 456 1251; x_wconf 89' lang='lat' dir='ltr'>gemitum</span> <span class='ocrx_word' id='word_1_70' title='bbox 492 1190 744 1253; x_wconf 89' lang='lat' dir='ltr'>ingentem</span> <span class='ocrx_word' id='word_1_71' title='bbox 779 1191 939 1254; x_wconf 90' lang='lat' dir='ltr'>pelagi</span> <span class='ocrx_word' id='word_1_72' title='bbox 974 1193 1264 1254; x_wconf 90' lang='lat' dir='ltr'>pulsataque</span> <span class='ocrx_word' id='word_1_73' title='bbox 1299 1208 1413 1240; x_wconf 84' lang='lat' dir='ltr'>saxa</span> 
     </span>
     <span class='ocr_line' id='line_1_14' title="bbox 135 1269 1328 1334; baseline 0.003 -17"><span class='ocrx_word' id='word_1_74' title='bbox 135 1269 364 1318; x_wconf 90' lang='lat' dir='ltr'>audimus</span> <span class='ocrx_word' id='word_1_75' title='bbox 400 1272 546 1333; x_wconf 93' lang='lat' dir='ltr'>longe</span> <span class='ocrx_word' id='word_1_76' title='bbox 581 1273 857 1334; x_wconf 88' lang='lat' dir='ltr'>fractasque</span> <span class='ocrx_word' id='word_1_77' title='bbox 892 1272 958 1319; x_wconf 93' lang='lat' dir='ltr'>ad</span> <span class='ocrx_word' id='word_1_78' title='bbox 993 1271 1134 1320; x_wconf 92' lang='lat' dir='ltr'>litora</span> <span class='ocrx_word' id='word_1_79' title='bbox 1168 1288 1328 1331; x_wconf 93' lang='lat' dir='ltr'>voces,</span> 
     </span>
     <span class='ocr_line' id='line_1_15' title="bbox 136 1352 1567 1415; baseline 0.001 -15"><span class='ocrx_word' id='word_1_80' title='bbox 136 1354 479 1414; x_wconf 89' lang='lat' dir='ltr'>exsultantque</span> <span class='ocrx_word' id='word_1_81' title='bbox 514 1353 642 1400; x_wconf 91' lang='lat' dir='ltr'>vada</span> <span class='ocrx_word' id='word_1_82' title='bbox 675 1361 826 1415; x_wconf 89' lang='lat' dir='ltr'>atque</span> <span class='ocrx_word' id='word_1_83' title='bbox 860 1361 1000 1401; x_wconf 91' lang='lat' dir='ltr'>aestu</span> <span class='ocrx_word' id='word_1_84' title='bbox 1037 1352 1304 1401; x_wconf 89' lang='lat' dir='ltr'>miscentur</span> <span class='ocrx_word' id='word_1_85' title='bbox 1339 1354 1567 1402; x_wconf 87' lang='lat' dir='ltr'>harenae.</span> 
     </span>
     <span class='ocr_line' id='line_1_16' title="bbox 135 1432 1519 1495; baseline 0.001 -15"><span class='ocrx_word' id='word_1_86' title='bbox 135 1441 185 1480; x_wconf 92' lang='lat' dir='ltr'>et</span> <span class='ocrx_word' id='word_1_87' title='bbox 219 1442 356 1495; x_wconf 92' lang='lat' dir='ltr'>pater</span> <span class='ocrx_word' id='word_1_88' title='bbox 392 1432 634 1481; x_wconf 90' lang='lat' dir='ltr'>Anchises</span> <span class='ocrx_word' id='word_1_89' title='bbox 675 1432 938 1481; x_wconf 85' lang='lat' dir='ltr'>‘nimirum</span> <span class='ocrx_word' id='word_1_90' title='bbox 974 1432 1055 1481; x_wconf 90' lang='lat' dir='ltr'>hic</span> <span class='ocrx_word' id='word_1_91' title='bbox 1090 1433 1173 1481; x_wconf 90' lang='lat' dir='ltr'>illa</span> <span class='ocrx_word' id='word_1_92' title='bbox 1209 1433 1519 1495; x_wconf 88' lang='lat' dir='ltr'>Charybdis:</span> 
     </span>
    </p>
   </div>
   <div class='ocr_carea' id='block_1_5' title="bbox 136 1514 1625 1580">
    <p class='ocr_par' dir='ltr' id='par_1_8' title="bbox 136 1514 1625 1580">
     <span class='ocr_line' id='line_1_17' title="bbox 136 1514 1625 1580; baseline 0.001 -20"><span class='ocrx_word' id='word_1_93' title='bbox 136 1514 492 1580; x_wconf 17' lang='lat' dir='ltr'>hostelenus</span> <span class='ocrx_word' id='word_1_94' title='bbox 528 1515 772 1577; x_wconf 91' lang='lat' dir='ltr'>scopulos,</span> <span class='ocrx_word' id='word_1_95' title='bbox 813 1516 936 1562; x_wconf 94' lang='lat' dir='ltr'>haec</span> <span class='ocrx_word' id='word_1_96' title='bbox 972 1531 1087 1562; x_wconf 86' lang='lat' dir='ltr'>saxa</span> <span class='ocrx_word' id='word_1_97' title='bbox 1122 1516 1368 1563; x_wconf 91' lang='lat' dir='ltr'>horrenda</span> <span class='ocrx_word' id='word_1_98' title='bbox 1403 1515 1625 1563; x_wconf 86' lang='lat' dir='ltr'>canebat.</span> 
     </span>
    </p>
   </div>
   <div class='ocr_carea' id='block_1_6' title="bbox 134 1593 1576 2711">
    <p class='ocr_par' dir='ltr' id='par_1_9' title="bbox 136 1593 1358 1658">
     <span class='ocr_line' id='line_1_18' title="bbox 136 1593 1358 1658; baseline 0 -16"><span class='ocrx_word' id='word_1_99' title='bbox 136 1593 324 1657; x_wconf 89' lang='lat' dir='ltr'>eripite,</span> <span class='ocrx_word' id='word_1_100' title='bbox 356 1611 389 1643; x_wconf 96' lang='lat' dir='ltr'>o</span> <span class='ocrx_word' id='word_1_101' title='bbox 426 1594 559 1654; x_wconf 90' lang='lat' dir='ltr'>socii,</span> <span class='ocrx_word' id='word_1_102' title='bbox 599 1595 877 1658; x_wconf 90' lang='lat' dir='ltr'>pariterque</span> <span class='ocrx_word' id='word_1_103' title='bbox 913 1594 1148 1657; x_wconf 89' lang='lat' dir='ltr'>insurgite</span> <span class='ocrx_word' id='word_1_104' title='bbox 1181 1595 1358 1644; x_wconf 90' lang='lat' dir='ltr'>remis.&#39;</span> 
     </span>
    </p>

    <p class='ocr_par' dir='ltr' id='par_1_10' title="bbox 136 1674 1571 2051">
     <span class='ocr_line' id='line_1_19' title="bbox 136 1674 1571 1739; baseline 0.002 -17"><span class='ocrx_word' id='word_1_105' title='bbox 136 1676 271 1724; x_wconf 89' lang='lat' dir='ltr'>haud</span> <span class='ocrx_word' id='word_1_106' title='bbox 306 1674 469 1723; x_wconf 90' lang='lat' dir='ltr'>minus</span> <span class='ocrx_word' id='word_1_107' title='bbox 504 1693 563 1724; x_wconf 90' lang='lat' dir='ltr'>ac</span> <span class='ocrx_word' id='word_1_108' title='bbox 598 1675 717 1724; x_wconf 92' lang='lat' dir='ltr'>iussi</span> <span class='ocrx_word' id='word_1_109' title='bbox 752 1675 951 1735; x_wconf 88' lang='lat' dir='ltr'>faciunt,</span> <span class='ocrx_word' id='word_1_110' title='bbox 990 1675 1275 1739; x_wconf 90' lang='lat' dir='ltr'>primusque</span> <span class='ocrx_word' id='word_1_111' title='bbox 1310 1678 1571 1725; x_wconf 90' lang='lat' dir='ltr'>rudentem</span> 
     </span>
     <span class='ocr_line' id='line_1_20' title="bbox 137 1755 1429 1819; baseline 0.002 -17"><span class='ocrx_word' id='word_1_112' title='bbox 137 1755 374 1803; x_wconf 88' lang='lat' dir='ltr'>contorsit</span> <span class='ocrx_word' id='word_1_113' title='bbox 409 1758 569 1804; x_wconf 92' lang='lat' dir='ltr'>laevas</span> <span class='ocrx_word' id='word_1_114' title='bbox 606 1773 801 1819; x_wconf 93' lang='lat' dir='ltr'>proram</span> <span class='ocrx_word' id='word_1_115' title='bbox 840 1755 1097 1804; x_wconf 89' lang='lat' dir='ltr'>Palinurus</span> <span class='ocrx_word' id='word_1_116' title='bbox 1134 1758 1198 1805; x_wconf 92' lang='lat' dir='ltr'>ad</span> <span class='ocrx_word' id='word_1_117' title='bbox 1234 1758 1429 1817; x_wconf 82' lang='lat' dir='ltr'>undas;</span> 
     </span>
     <span class='ocr_line' id='line_1_21' title="bbox 136 1837 1450 1901; baseline 0.002 -17"><span class='ocrx_word' id='word_1_118' title='bbox 136 1838 325 1885; x_wconf 90' lang='lat' dir='ltr'>laevam</span> <span class='ocrx_word' id='word_1_119' title='bbox 362 1847 541 1885; x_wconf 92' lang='lat' dir='ltr'>cuncta</span> <span class='ocrx_word' id='word_1_120' title='bbox 576 1839 754 1886; x_wconf 90' lang='lat' dir='ltr'>cohors</span> <span class='ocrx_word' id='word_1_121' title='bbox 790 1837 936 1885; x_wconf 90' lang='lat' dir='ltr'>remis</span> <span class='ocrx_word' id='word_1_122' title='bbox 972 1837 1230 1901; x_wconf 92' lang='lat' dir='ltr'>ventisque</span> <span class='ocrx_word' id='word_1_123' title='bbox 1266 1837 1450 1901; x_wconf 86' lang='lat' dir='ltr'>petivit.</span> 
     </span>
     <span class='ocr_line' id='line_1_22' title="bbox 136 1917 1398 1981; baseline 0.002 -17"><span class='ocrx_word' id='word_1_124' title='bbox 136 1917 353 1965; x_wconf 90' lang='lat' dir='ltr'>tollimur</span> <span class='ocrx_word' id='word_1_125' title='bbox 386 1918 438 1966; x_wconf 93' lang='lat' dir='ltr'>in</span> <span class='ocrx_word' id='word_1_126' title='bbox 474 1920 667 1967; x_wconf 91' lang='lat' dir='ltr'>caelum</span> <span class='ocrx_word' id='word_1_127' title='bbox 703 1928 904 1967; x_wconf 90' lang='lat' dir='ltr'>curvato</span> <span class='ocrx_word' id='word_1_128' title='bbox 939 1918 1141 1981; x_wconf 92' lang='lat' dir='ltr'>gurgite,</span> <span class='ocrx_word' id='word_1_129' title='bbox 1180 1927 1228 1967; x_wconf 91' lang='lat' dir='ltr'>et</span> <span class='ocrx_word' id='word_1_130' title='bbox 1263 1918 1398 1967; x_wconf 92' lang='lat' dir='ltr'>idem</span> 
     </span>
     <span class='ocr_line' id='line_1_23' title="bbox 136 2001 1343 2051; baseline 0.002 -3"><span class='ocrx_word' id='word_1_131' title='bbox 136 2001 381 2049; x_wconf 90' lang='lat' dir='ltr'>subducta</span> <span class='ocrx_word' id='word_1_132' title='bbox 415 2003 481 2051; x_wconf 94' lang='lat' dir='ltr'>ad</span> <span class='ocrx_word' id='word_1_133' title='bbox 517 2002 676 2050; x_wconf 90' lang='lat' dir='ltr'>manis</span> <span class='ocrx_word' id='word_1_134' title='bbox 712 2002 839 2050; x_wconf 91' lang='lat' dir='ltr'>imos</span> <span class='ocrx_word' id='word_1_135' title='bbox 875 2001 1159 2050; x_wconf 92' lang='lat' dir='ltr'>desedimus</span> <span class='ocrx_word' id='word_1_136' title='bbox 1196 2003 1343 2050; x_wconf 86' lang='lat' dir='ltr'>unda.</span> 
     </span>
    </p>

    <p class='ocr_par' dir='ltr' id='par_1_11' title="bbox 136 2082 1431 2144">
     <span class='ocr_line' id='line_1_24' title="bbox 136 2082 1431 2144; baseline 0.002 -16"><span class='ocrx_word' id='word_1_137' title='bbox 136 2091 209 2129; x_wconf 92' lang='lat' dir='ltr'>ter</span> <span class='ocrx_word' id='word_1_138' title='bbox 243 2082 433 2144; x_wconf 90' lang='lat' dir='ltr'>scopuli</span> <span class='ocrx_word' id='word_1_139' title='bbox 468 2085 735 2131; x_wconf 91' lang='lat' dir='ltr'>clamorem</span> <span class='ocrx_word' id='word_1_140' title='bbox 771 2083 896 2130; x_wconf 91' lang='lat' dir='ltr'>inter</span> <span class='ocrx_word' id='word_1_141' title='bbox 931 2099 1051 2130; x_wconf 92' lang='lat' dir='ltr'>cava</span> <span class='ocrx_word' id='word_1_142' title='bbox 1085 2099 1200 2130; x_wconf 88' lang='lat' dir='ltr'>saxa</span> <span class='ocrx_word' id='word_1_143' title='bbox 1235 2083 1431 2141; x_wconf 92' lang='lat' dir='ltr'>dedere,</span> 
     </span>
    </p>

    <p class='ocr_par' dir='ltr' id='par_1_12' title="bbox 135 2162 1429 2306">
     <span class='ocr_line' id='line_1_25' title="bbox 135 2162 1429 2225; baseline 0.001 -16"><span class='ocrx_word' id='word_1_144' title='bbox 135 2170 208 2210; x_wconf 91' lang='lat' dir='ltr'>ter</span> <span class='ocrx_word' id='word_1_145' title='bbox 242 2178 470 2225; x_wconf 91' lang='lat' dir='ltr'>spumam</span> <span class='ocrx_word' id='word_1_146' title='bbox 505 2162 676 2211; x_wconf 91' lang='lat' dir='ltr'>elisam</span> <span class='ocrx_word' id='word_1_147' title='bbox 712 2172 760 2212; x_wconf 93' lang='lat' dir='ltr'>et</span> <span class='ocrx_word' id='word_1_148' title='bbox 795 2162 1007 2211; x_wconf 91' lang='lat' dir='ltr'>rorantia</span> <span class='ocrx_word' id='word_1_149' title='bbox 1040 2162 1254 2211; x_wconf 93' lang='lat' dir='ltr'>vidimus</span> <span class='ocrx_word' id='word_1_150' title='bbox 1289 2172 1429 2210; x_wconf 89' lang='lat' dir='ltr'>astra.</span> 
     </span>
     <span class='ocr_line' id='line_1_26' title="bbox 135 2241 1257 2306; baseline 0.002 -17"><span class='ocrx_word' id='word_1_151' title='bbox 135 2241 320 2291; x_wconf 89' lang='lat' dir='ltr'>interea</span> <span class='ocrx_word' id='word_1_152' title='bbox 354 2245 509 2292; x_wconf 89' lang='lat' dir='ltr'>fessos</span> <span class='ocrx_word' id='word_1_153' title='bbox 545 2253 720 2292; x_wconf 91' lang='lat' dir='ltr'>ventus</span> <span class='ocrx_word' id='word_1_154' title='bbox 757 2261 872 2292; x_wconf 92' lang='lat' dir='ltr'>cum</span> <span class='ocrx_word' id='word_1_155' title='bbox 908 2245 1012 2292; x_wconf 91' lang='lat' dir='ltr'>sole</span> <span class='ocrx_word' id='word_1_156' title='bbox 1048 2242 1257 2306; x_wconf 91' lang='lat' dir='ltr'>reliquit,</span> 
     </span>
    </p>

    <p class='ocr_par' dir='ltr' id='par_1_13' title="bbox 135 2322 1301 2388">
     <span class='ocr_line' id='line_1_27' title="bbox 135 2322 1301 2388; baseline 0.003 -18"><span class='ocrx_word' id='word_1_157' title='bbox 135 2322 387 2386; x_wconf 88' lang='lat' dir='ltr'>ignarique</span> <span class='ocrx_word' id='word_1_158' title='bbox 422 2324 530 2373; x_wconf 92' lang='lat' dir='ltr'>viae</span> <span class='ocrx_word' id='word_1_159' title='bbox 567 2326 844 2388; x_wconf 90' lang='lat' dir='ltr'>Cyclopum</span> <span class='ocrx_word' id='word_1_160' title='bbox 879 2324 1157 2373; x_wconf 87' lang='lat' dir='ltr'>adlabimur</span> <span class='ocrx_word' id='word_1_161' title='bbox 1192 2323 1301 2373; x_wconf 92' lang='lat' dir='ltr'>oris.</span> 
     </span>
    </p>

    <p class='ocr_par' dir='ltr' id='par_1_14' title="bbox 134 2404 1576 2711">
     <span class='ocr_line' id='line_1_28' title="bbox 203 2404 1576 2468; baseline 0.002 -17"><span class='ocrx_word' id='word_1_162' title='bbox 203 2406 378 2452; x_wconf 91' lang='lat' dir='ltr'>Portus</span> <span class='ocrx_word' id='word_1_163' title='bbox 414 2406 478 2453; x_wconf 93' lang='lat' dir='ltr'>ab</span> <span class='ocrx_word' id='word_1_164' title='bbox 514 2422 717 2454; x_wconf 91' lang='lat' dir='ltr'>accessu</span> <span class='ocrx_word' id='word_1_165' title='bbox 753 2415 1012 2455; x_wconf 89' lang='lat' dir='ltr'>ventorum</span> <span class='ocrx_word' id='word_1_166' title='bbox 1047 2405 1282 2453; x_wconf 91' lang='lat' dir='ltr'>immotus</span> <span class='ocrx_word' id='word_1_167' title='bbox 1319 2414 1368 2454; x_wconf 92' lang='lat' dir='ltr'>et</span> <span class='ocrx_word' id='word_1_168' title='bbox 1403 2404 1576 2468; x_wconf 90' lang='lat' dir='ltr'>ingens</span> 
     </span>
     <span class='ocr_line' id='line_1_29' title="bbox 134 2483 1404 2547; baseline 0.002 -15"><span class='ocrx_word' id='word_1_169' title='bbox 134 2483 268 2547; x_wconf 91' lang='lat' dir='ltr'>ipse:</span> <span class='ocrx_word' id='word_1_170' title='bbox 306 2487 394 2534; x_wconf 91' lang='lat' dir='ltr'>sed</span> <span class='ocrx_word' id='word_1_171' title='bbox 429 2486 666 2534; x_wconf 92' lang='lat' dir='ltr'>horrificis</span> <span class='ocrx_word' id='word_1_172' title='bbox 701 2486 835 2534; x_wconf 86' lang='lat' dir='ltr'>iuxta</span> <span class='ocrx_word' id='word_1_173' title='bbox 869 2495 1008 2534; x_wconf 94' lang='lat' dir='ltr'>tonat</span> <span class='ocrx_word' id='word_1_174' title='bbox 1043 2489 1205 2534; x_wconf 93' lang='lat' dir='ltr'>Aetna</span> <span class='ocrx_word' id='word_1_175' title='bbox 1239 2486 1404 2546; x_wconf 90' lang='lat' dir='ltr'>ruinis,</span> 
     </span>
     <span class='ocr_line' id='line_1_30' title="bbox 136 2564 1540 2631; baseline 0.004 -19"><span class='ocrx_word' id='word_1_176' title='bbox 136 2564 484 2630; x_wconf 90' lang='lat' dir='ltr'>interdumque</span> <span class='ocrx_word' id='word_1_177' title='bbox 519 2576 674 2615; x_wconf 90' lang='lat' dir='ltr'>atram</span> <span class='ocrx_word' id='word_1_178' title='bbox 710 2567 984 2631; x_wconf 91' lang='lat' dir='ltr'>prorumpit</span> <span class='ocrx_word' id='word_1_179' title='bbox 1019 2569 1084 2615; x_wconf 94' lang='lat' dir='ltr'>ad</span> <span class='ocrx_word' id='word_1_180' title='bbox 1119 2569 1318 2616; x_wconf 92' lang='lat' dir='ltr'>aethera</span> <span class='ocrx_word' id='word_1_181' title='bbox 1354 2568 1540 2617; x_wconf 90' lang='lat' dir='ltr'>nubem</span> 
     </span>
     <span class='ocr_line' id='line_1_31' title="bbox 136 2646 1392 2711; baseline 0.003 -18"><span class='ocrx_word' id='word_1_182' title='bbox 136 2646 331 2695; x_wconf 89' lang='lat' dir='ltr'>turbine</span> <span class='ocrx_word' id='word_1_183' title='bbox 366 2650 639 2697; x_wconf 88' lang='lat' dir='ltr'>fumantem</span> <span class='ocrx_word' id='word_1_184' title='bbox 674 2648 817 2711; x_wconf 90' lang='lat' dir='ltr'>piceo</span> <span class='ocrx_word' id='word_1_185' title='bbox 853 2658 902 2696; x_wconf 91' lang='lat' dir='ltr'>et</span> <span class='ocrx_word' id='word_1_186' title='bbox 937 2650 1182 2697; x_wconf 90' lang='lat' dir='ltr'>candente</span> <span class='ocrx_word' id='word_1_187' title='bbox 1218 2648 1392 2708; x_wconf 91' lang='lat' dir='ltr'>favilla,</span> 
     </span>
    </p>
   </div>
   <div class='ocr_carea' id='block_1_7' title="bbox 1718 384 1795 439">
    <p class='ocr_par' dir='ltr' id='par_1_15' title="bbox 1718 384 1795 439">
     <span class='ocr_line' id='line_1_32' title="bbox 1718 384 1795 439; baseline 0.026 -2"><span class='ocrx_word' id='word_1_188' title='bbox 1718 384 1795 439; x_wconf 83' lang='lat'>545</span> 
     </span>
    </p>
   </div>
   <div class='ocr_carea' id='block_1_8' title="bbox 1718 804 1801 843">
    <p class='ocr_par' dir='ltr' id='par_1_16' title="bbox 1718 804 1801 843">
     <span class='ocr_line' id='line_1_33' title="bbox 1718 804 1801 843; baseline 0 0"><span class='ocrx_word' id='word_1_189' title='bbox 1718 804 1801 843; x_wconf 87' lang='lat'>550</span> 
     </span>
    </p>
   </div>
   <div class='ocr_carea' id='block_1_9' title="bbox 1721 1210 1801 1250">
    <p class='ocr_par' dir='ltr' id='par_1_17' title="bbox 1721 1210 1801 1250">
     <span class='ocr_line' id='line_1_34' title="bbox 1721 1210 1801 1250; baseline 0 0"><span class='ocrx_word' id='word_1_190' title='bbox 1721 1210 1801 1250; x_wconf 84' lang='lat'>555</span> 
     </span>
    </p>
   </div>
   <div class='ocr_carea' id='block_1_10' title="bbox 1724 1603 1805 1654">
    <p class='ocr_par' dir='ltr' id='par_1_18' title="bbox 1724 1603 1805 1654">
     <span class='ocr_line' id='line_1_35' title="bbox 1724 1603 1805 1654; baseline 0.012 -13"><span class='ocrx_word' id='word_1_191' title='bbox 1724 1603 1805 1654; x_wconf 87' lang='lat'>560</span> 
     </span>
    </p>
   </div>
   <div class='ocr_carea' id='block_1_11' title="bbox 135 2775 1806 2936">
    <p class='ocr_par' dir='ltr' id='par_1_19' title="bbox 135 2775 1806 2936">
     <span class='ocr_line' id='line_1_36' title="bbox 189 2775 1801 2828; baseline 0.001 -13"><span class='ocrx_word' id='word_1_192' title='bbox 189 2778 379 2826; x_wconf 90' lang='lat'><strong>544-560</strong></span> <span class='ocrx_word' id='word_1_193' title='bbox 400 2775 513 2825; x_wconf 85' lang='lat' dir='ltr'>MP;</span> <span class='ocrx_word' id='word_1_194' title='bbox 544 2779 732 2826; x_wconf 84' lang='lat'>561-573</span> <span class='ocrx_word' id='word_1_195' title='bbox 754 2776 888 2815; x_wconf 85' lang='lat' dir='ltr'>MPV</span> <span class='ocrx_word' id='word_1_196' title='bbox 1052 2789 1130 2826; x_wconf 89' lang='lat'>545</span> <span class='ocrx_word' id='word_1_197' title='bbox 1153 2777 1291 2828; x_wconf 85' lang='lat' dir='ltr'>capite</span> <span class='ocrx_word' id='word_1_198' title='bbox 1311 2776 1392 2816; x_wconf 72' lang='lat' dir='ltr'>Pl:</span> <span class='ocrx_word' id='word_1_199' title='bbox 1426 2780 1577 2827; x_wconf 81' lang='lat' dir='ltr'>capute</span> <span class='ocrx_word' id='word_1_200' title='bbox 1598 2776 1801 2817; x_wconf 78' lang='lat' dir='ltr'>detem&#39;ores</span> 
     </span>
     <span class='ocr_line' id='line_1_37' title="bbox 136 2830 1803 2883; baseline 0.001 -14"><span class='ocrx_word' id='word_1_201' title='bbox 136 2830 320 2881; x_wconf 82' lang='lat' dir='ltr'>quidam,</span> <span class='ocrx_word' id='word_1_202' title='bbox 347 2830 455 2869; x_wconf 86' lang='lat' dir='ltr'>unde</span> <span class='ocrx_word' id='word_1_203' title='bbox 474 2837 600 2880; x_wconf 91' lang='lat' dir='ltr'>caput</span> <span class='ocrx_word' id='word_1_204' title='bbox 626 2830 825 2883; x_wconf 85' lang='lat' dir='ltr'>Ladewig</span> <span class='ocrx_word' id='word_1_205' title='bbox 934 2844 1050 2869; x_wconf 89' lang='lat' dir='ltr'>aram</span> <span class='ocrx_word' id='word_1_206' title='bbox 1069 2831 1182 2881; x_wconf 77' lang='lat' dir='ltr'>P7¹⁷r</span> <span class='ocrx_word' id='word_1_207' title='bbox 1365 2832 1446 2880; x_wconf 87' lang='lat'>556</span> <span class='ocrx_word' id='word_1_208' title='bbox 1474 2831 1526 2869; x_wconf 90' lang='lat' dir='ltr'>ab</span> <span class='ocrx_word' id='word_1_209' title='bbox 1546 2832 1669 2870; x_wconf 86' lang='lat' dir='ltr'>litore</span> <span class='ocrx_word' id='word_1_210' title='bbox 1690 2830 1803 2870; x_wconf 69' lang='lat' dir='ltr'>M²crr</span> 
     </span>
     <span class='ocr_line' id='line_1_38' title="bbox 135 2883 1806 2936; baseline 0.001 -13"><span class='ocrx_word' id='word_1_211' title='bbox 135 2884 379 2925; x_wconf 81' lang='lat' dir='ltr'>Diomedes:</span> <span class='ocrx_word' id='word_1_212' title='bbox 426 2886 477 2924; x_wconf 88' lang='lat' dir='ltr'>ab</span> <span class='ocrx_word' id='word_1_213' title='bbox 516 2886 640 2923; x_wconf 87' lang='lat' dir='ltr'>litora</span> <span class='ocrx_word' id='word_1_214' title='bbox 670 2900 700 2936; x_wconf 78' lang='grc' dir='ltr'><strong>γ</strong></span> <span class='ocrx_word' id='word_1_215' title='bbox 983 2887 1063 2933; x_wconf 88' lang='grc'>558</span> <span class='ocrx_word' id='word_1_216' title='bbox 1092 2884 1159 2923; x_wconf 90' lang='lat' dir='ltr'>hic</span> <span class='ocrx_word' id='word_1_217' title='bbox 1192 2883 1376 2922; x_wconf 75' lang='lat' dir='ltr'>MPb&#39;u:</span> <span class='ocrx_word' id='word_1_218' title='bbox 1421 2885 1523 2923; x_wconf 92' lang='lat' dir='ltr'>haec</span> <span class='ocrx_word' id='word_1_219' title='bbox 1552 2885 1622 2935; x_wconf 72' lang='lat' dir='ltr'>7¹c</span> <span class='ocrx_word' id='word_1_220' title='bbox 1637 2885 1806 2925; x_wconf 82' lang='lat' dir='ltr'>editores</span> 
     </span>
    </p>
   </div>
   <div class='ocr_carea' id='block_1_12' title="bbox 129 2938 1543 3042">
    <p class='ocr_par' dir='ltr' id='par_1_20' title="bbox 129 2938 1543 3042">
     <span class='ocr_line' id='line_1_39' title="bbox 129 2938 1543 2990; baseline 0.001 -15"><span class='ocrx_word' id='word_1_221' title='bbox 129 2939 312 2989; x_wconf 79' lang='lat' dir='ltr'>plerique</span> <span class='ocrx_word' id='word_1_222' title='bbox 486 2941 562 2988; x_wconf 84' lang='lat'>561</span> <span class='ocrx_word' id='word_1_223' title='bbox 598 2939 842 2990; x_wconf 89' lang='lat' dir='ltr'>rudentem]</span> <span class='ocrx_word' id='word_1_224' title='bbox 875 2939 1105 2977; x_wconf 87' lang='lat' dir='ltr'>tridentem</span> <span class='ocrx_word' id='word_1_225' title='bbox 1143 2939 1346 2978; x_wconf 77' lang='lat' dir='ltr'>Heinsius</span> <span class='ocrx_word' id='word_1_226' title='bbox 1379 2938 1543 2989; x_wconf 86' lang='lat' dir='ltr'>Bentley</span> 
     </span>
     <span class='ocr_line' id='line_1_40' title="bbox 137 2992 597 3042; baseline 0 -12"><span class='ocrx_word' id='word_1_227' title='bbox 137 2994 276 3032; x_wconf 87' lang='lat' dir='ltr'>ventis</span> <span class='ocrx_word' id='word_1_228' title='bbox 297 2993 509 3042; x_wconf 89' lang='lat' dir='ltr'>remisque</span> <span class='ocrx_word' id='word_1_229' title='bbox 529 2992 584 3030; x_wconf 93' lang='lat' dir='ltr'><em>M</em></span> <span class='ocrx_word' id='word_1_230' title='bbox 586 2993 597 3014; x_wconf 75' lang='lat'><strong>¹</strong></span> 
     </span>
    </p>
   </div>
   <div class='ocr_carea' id='block_1_13' title="bbox 1721 2942 1801 2991">
    <p class='ocr_par' dir='ltr' id='par_1_21' title="bbox 1721 2942 1801 2991">
     <span class='ocr_line' id='line_1_41' title="bbox 1721 2942 1801 2991; baseline 0.025 -2"><span class='ocrx_word' id='word_1_231' title='bbox 1721 2942 1801 2991; x_wconf 85' lang='lat'>563</span> 
     </span>
    </p>
   </div>
  </div>
 </body>
</html>
