2014 3372
1345 150 1705 199 AENEIDOS
1740 152 1848 199 XII

248 291 317 338 At
350 287 518 353 regina
550 304 681 338 nova
714 304 911 353 pugnae
946 288 1212 337 conterrita
1246 297 1377 337 sorte

180 370 331 419 flebat
365 380 415 419 et
448 371 706 419 ardentem
739 385 978 432 generum
1014 368 1251 418 moritura
1284 370 1514 418 tenebat:
1795 390 1844 431 55

183 454 195 475 ‘
214 452 396 510 Turne,
433 467 521 514 per
554 452 643 499 has
678 466 772 513 ego
807 459 858 499 te
891 450 1133 510 lacrimas,
1170 467 1260 513 per
1292 450 1335 499 si
1370 451 1482 514 quis
1516 454 1729 500 Amatae

179 531 334 594 tangit
368 533 531 580 honos
565 531 789 580 animum
826 531 961 596 (spes
997 541 1051 580 tu
1086 549 1222 580 nunc
1257 549 1371 591 una,
1410 542 1638 582 senectae

179 622 232 661 tu
267 612 461 675 requies
496 612 718 671 miserae,
755 613 911 661 decus
946 612 1308 676 imperiumque
1344 612 1510 660 Latini

178 703 227 741 te
261 710 427 756 penes,
466 693 519 741 in
555 703 603 743 te
639 693 802 742 omnis
837 695 1019 743 domus
1054 693 1292 742 inclinata
1324 694 1604 758 recumbit),

157 790 333 830 ‚unum
368 790 489 823 oro:
537 773 721 823 desiste
756 791 961 822 manum
996 774 1306 823 committere
1341 774 1560 823 Teucris.
1792 782 1847 822 60

176 854 262 917 qui
297 864 346 903 te
385 871 600 918 cumque
635 864 841 903 manent
876 855 973 904 isto
1008 855 1279 904 certamine
1314 872 1458 904 casus

175 945 225 983 et
261 952 355 994 me,
394 937 576 995 Turne,
615 945 854 996 manent3
898 935 1047 984 simul
1082 938 1207 985 haec
1241 935 1399 984 invisa
1432 936 1710 1000 relinquam

174 1015 364 1064 lumina
397 1032 491 1064 nec
525 1032 763 1079 generum
797 1019 1007 1065 Aenean
1042 1017 1236 1080 captiva
1269 1016 1485 1066 videbo.’

173 1094 366 1158 accepit
399 1112 574 1144 vocem
611 1095 825 1144 lacrimis
861 1096 1070 1144 Lavinia
1103 1096 1270 1145 matris

174 1173 421 1236 flagrantis
455 1176 653 1236 perfusa
685 1191 850 1238 genas,
890 1175 971 1224 cui
1005 1176 1246 1238 plurimus
1282 1176 1448 1239 ignem
1789 1185 1841 1236 65

174 1252 384 1302 subiecit
418 1255 568 1303 rubor
603 1264 653 1303 et
687 1257 925 1304 calefacta
959 1273 1047 1319 per
1083 1273 1169 1306 ora
1202 1257 1427 1306 cucurrit.

175 1335 361 1382 Indum
397 1334 669 1398 sanguineo
705 1336 857 1385 veluti
892 1336 1146 1386 violaverit
1180 1346 1314 1387 ostro

173 1414 211 1463 si
250 1414 359 1477 quis
396 1416 531 1475 ebur,
570 1426 656 1465 aut
691 1417 844 1466 mixta
878 1418 1058 1467 rubent
1093 1418 1180 1466 ubi
1215 1418 1317 1467 lilia
1350 1420 1506 1468 multa

171 1494 285 1542 alba
320 1512 459 1544 rosa:
509 1496 618 1545 talis
654 1497 790 1560 virgo
825 1498 978 1547 dabat
1013 1515 1098 1547 ore
1134 1499 1336 1547 colores.

170 1574 310 1623 illurn
348 1577 511 1624 turbat
546 1594 686 1625 amor
722 1578 926 1640 figitque
961 1578 1013 1626 in
1047 1578 1234 1641 virgine
1267 1581 1444 1628 vultus.
1792 1598 1844 1641 70

170 1657 309 1704 ardet
346 1656 397 1703 in
433 1673 569 1705 arma
605 1657 760 1720 magis
797 1658 1067 1722 paucisque
1103 1661 1297 1707 adfatur
1330 1663 1593 1710 Amatam:

174 1740 185 1760 ‘
204 1753 280 1795 ne,
322 1753 521 1799 quaeso,
561 1755 626 1786 ne
663 1755 744 1787 me
780 1738 992 1787 lacrimis
1028 1756 1155 1788 neve
1190 1739 1358 1789 omine
1394 1750 1533 1790 tanto

170 1833 467 1880 prosequere
504 1818 555 1865 in
592 1818 703 1866 duri
738 1819 1007 1867 certamina
1044 1819 1219 1868 Martis
1254 1830 1471 1880 euntem,

170 1915 201 1946 o
237 1909 421 1959 mater,
464 1916 628 1962 neque
666 1899 800 1948 enim
838 1901 1012 1948 Turno
1047 1917 1186 1949 mora
1219 1900 1374 1949 libera
1408 1901 1591 1949 mortis.

168 1980 371 2029 nuntius
408 1983 545 2040 haec,
588 1982 787 2039 Idmon,
833 1981 1045 2043 Phrygio
1081 1998 1193 2029 mea
1226 1980 1361 2029 dicta
1395 1991 1603 2044 tyranno
1790 2001 1836 2044 75

168 2064 303 2110 haud
339 2062 578 2125 placitura
616 2064 740 2111 refer
765 2082 774 2110 :
828 2079 943 2110 cum
981 2062 1196 2126 primum
1232 2062 1444 2111 crastina
1478 2065 1616 2112 caelo

168 2144 390 2206 puniceis
427 2145 621 2193 invecta
658 2145 776 2193 rotis
813 2147 1006 2193 Aurora
1040 2143 1249 2203 rubebit,

167 2241 269 2273 non
306 2228 527 2275 Teucros
564 2237 676 2290 agat
712 2227 765 2274 in
805 2228 1055 2286 Rutulos3
1102 2228 1354 2274 Teucrum
1389 2242 1526 2274 arma
1560 2225 1818 2288 quiescant

166 2316 216 2354 et
253 2307 454 2355 Rutuli:
505 2317 675 2357 nostro
712 2308 1002 2357 dirimamus
1040 2306 1279 2370 sanguine
1315 2307 1532 2366 bellum;

166 2386 251 2435 illo
287 2398 547 2450 quaeratur
582 2389 799 2438 coniunx
834 2389 1042 2437 Lavinia
1076 2390 1286 2451 campo.’
1784 2398 1838 2437 80

236 2470 379 2517 Haec
416 2468 502 2517 ubi
538 2469 672 2517 dicta
706 2469 847 2518 dedit
883 2469 1183 2533 rapidusque
1218 2469 1270 2516 in
1307 2477 1438 2517 tecta
1472 2468 1686 2528 recessit,

165 2548 325 2609 poscit
361 2565 516 2610 equos
551 2550 834 2613 gaudetque
870 2558 1015 2598 tuens
1049 2559 1166 2598 ante
1202 2566 1287 2598 ora
1323 2548 1590 2608 frementis,

166 2628 398 2677 Pilumno
435 2646 561 2692 quos
596 2630 704 2693 ipsa
739 2631 892 2679 decus
928 2631 1068 2680 dedit
1104 2630 1342 2693 Orithyia,

166 2706 251 2767 qui
287 2709 504 2756 candore
538 2708 676 2757 nives
710 2709 966 2769 anteirent,
1006 2709 1231 2758 cursibus
1266 2726 1421 2758 auraS.

165 2783 483 2833 circumstant
518 2787 714 2849 properi
748 2788 945 2851 aurigae
980 2788 1311 2851 manibusque
1346 2791 1595 2836 lacessunt
1779 2796 1830 2848 85

220 2914 354 2963 54-85
375 2913 468 2951 MR
697 2928 750 2965 55
780 2916 989 2956 monitura
1017 2916 1188 2956 Ribbeck
1408 2930 1461 2968 79
1489 2915 1694 2956 Rutulum
1724 2916 1833 2956 b²c²t

165 2966 218 3015 85
246 2979 433 3017 propere
452 2968 583 3019 R7¹a¹
