2046 3380
1218 176 1641 228 GEORGICON
1682 179 1767 226 III

100 317 185 356 aut
220 310 402 358 herbae
437 326 615 374 campo
650 321 888 376 apparent
922 322 1008 361 aut
1041 314 1216 363 arbore
1251 316 1483 377 frondes;

101 391 190 438 sed
225 389 352 439 iacet
386 391 643 455 aggeribus
679 392 834 442 niveis
869 393 1092 443 informis
1127 404 1178 444 et
1211 398 1313 445 alto

101 479 228 519 terra
262 473 374 534 gelu
410 475 508 522 late
543 482 834 538 septemque
869 475 1088 538 adsurgit
1123 475 1174 524 in
1210 479 1366 526 ulnas.
1688 501 1765 541 355

102 569 295 615 semper
330 553 503 613 hiems,
541 571 736 618 semper
771 555 1010 618 spirantes
1046 557 1224 620 frigora
1260 559 1422 609 Cauri.

101 642 207 681 tum
245 635 328 682 Sol
362 634 591 696 pallentis
628 636 764 684 haud
799 653 1037 699 umquam
1074 638 1276 687 discutit
1311 641 1525 701 umbras,

101 731 194 763 nec
230 732 345 763 cum
380 715 602 764 invectus
640 717 780 779 equis
818 720 973 767 altum
1010 719 1134 782 petit
1171 722 1382 781 aethera,
1423 740 1516 772 nec
1553 740 1666 772 cum

23 840 25 842 .
100 794 420 858 praecipitem
458 796 648 846 Oceani
686 798 834 847 rubro
871 799 987 847 lavit
1022 818 1238 864 aequore
1273 819 1483 851 currum.

102 886 427 925 concrescunt
463 877 655 927 subitae
699 880 913 928 currenti
947 881 1240 931 influmine
1275 893 1481 943 crustae,
1689 893 1770 944 360

101 959 336 1020 undaque
371 957 470 1006 iam
508 967 644 1022 tergo
684 962 885 1010 ferratos
922 962 1130 1012 sustinet
1166 964 1312 1023 orbis,

101 1038 351 1101 puppibus
387 1038 469 1087 illa
505 1040 653 1102 prius,
692 1042 870 1104 patulis
906 1060 1042 1092 nunc
1077 1044 1274 1108 hospita
1308 1046 1570 1108 plaustris,-

100 1135 311 1182 aeraque
347 1119 592 1169 dissiliunt
627 1125 788 1186 vulgo,
826 1133 1086 1188 vestesque
1120 1125 1367 1188 rigescunt

101 1200 318 1261 indutae,
358 1204 672 1266 caeduntque
708 1205 961 1254 securibus
996 1205 1168 1255 umida
1202 1207 1330 1268 vina,

103 1290 150 1329 et
186 1290 319 1329 totae
357 1282 566 1332 solidam
603 1284 653 1331 in
691 1285 898 1347 glaciem
934 1295 1120 1335 vertere
1155 1289 1376 1348 lacunae,
1692 1298 1769 1350 365

103 1361 334 1424 stiriaque
371 1362 576 1426 impexis
613 1364 832 1413 induruit
867 1366 1066 1415 horrida
1099 1368 1278 1416 barbis.

102 1442 288 1490 interea
325 1452 432 1492 toto
468 1461 571 1492 non
608 1444 758 1494 setius
794 1449 905 1494 aere
943 1446 1129 1509 ningit:

107 1523 352 1572 intereunt
390 1527 622 1588 pecudes,
662 1535 792 1575 stant
828 1527 1123 1577 circumfusa
1158 1529 1344 1592 pruinis

107 1621 313 1667 corpora
350 1622 528 1669 magna
562 1607 732 1667 boum,
772 1610 1096 1672 confertoque
1132 1610 1330 1673 agmine
1366 1612 1496 1661 cervi

103 1696 301 1749 torpent
327 1690 459 1737 mole
486 1705 615 1737 nova
640 1699 688 1738 et
714 1690 919 1739 summis
943 1691 1023 1739 vix
1047 1692 1279 1742 cornibus
1305 1704 1509 1743 exstant.
1694 1713 1772 1757 370

103 1771 195 1817 hos
231 1788 335 1820 non
371 1771 603 1820 immissis
641 1772 861 1832 canibus,
900 1789 1002 1821 non
1038 1773 1259 1823 cassibus
1295 1775 1406 1824 ullis
1646 1777 1650 1779 ’

104 1851 406 1913 puniceaeve
443 1854 629 1918 agitant
665 1854 872 1917 pavidos
907 1855 1172 1904 formidine
1206 1873 1416 1918 pennae,

106 1934 193 1981 sed
230 1935 405 1983 frustra
442 1935 728 1999 oppositum
765 1935 1007 1985 trudentis
1043 1946 1244 1999 pectore
1279 1947 1502 1987 montem

105 2015 384 2065 comminus
423 2018 721 2066 obtruncant
757 2019 883 2066 ferro
918 2018 1224 2081 graviterque
1259 2020 1481 2068 rudentis

106 2098 320 2144 caedunt
357 2107 405 2146 et
440 2115 621 2161 magno
657 2098 773 2146 laeti
807 2100 1022 2146 clamore
1057 2108 1319 2161 reportant.
1696 2120 1772 2162 375

105 2175 198 2238 ipsi
235 2177 285 2224 in
323 2178 531 2227 defossis
570 2179 817 2242 specubus
854 2195 1025 2226 secura
1060 2179 1154 2227 sub
1189 2181 1288 2227 alta

106 2256 206 2305 otia
240 2268 392 2321 agunt
429 2268 567 2319 terra,
611 2268 945 2322 congestaque
980 2260 1159 2308 robora
1193 2269 1422 2324 totasque

105 2340 366 2388 advolvere
402 2340 524 2389 focis
564 2342 726 2389 ulmos
763 2339 964 2403 ignique
999 2342 1195 2389 dedere.

106 2418 186 2467 hic
223 2430 422 2470 noctem
459 2423 579 2471 ludo
617 2423 820 2480 ducunt,
862 2430 910 2469 et
945 2423 1125 2484 pocula
1159 2422 1275 2471 laeti

105 2502 347 2551 fermento
382 2513 531 2567 atque
568 2504 722 2553 acidis
761 2503 1014 2552 imitantur
1047 2502 1177 2552 vitea
1212 2503 1382 2552 sorbis.
1694 2516 1774 2564 380

105 2582 214 2631 talis
252 2586 580 2648 Hyperboreo
616 2595 806 2648 septem
843 2585 1064 2635 subiecta
1099 2584 1246 2633 trioni

105 2680 224 2726 gens
261 2667 443 2714 effrena
478 2666 636 2714 virum
676 2667 905 2730 Riphaeo
941 2667 1163 2715 tunditur
1199 2668 1336 2715 Euro

106 2754 154 2792 et
183 2748 439 2807 vpecudum
475 2747 617 2795 fulvis
653 2750 840 2796 velatur
875 2765 1081 2811 corpora
1116 2748 1274 2797 saetis.

160 2877 352 2925 353-383
372 2873 503 2913 MPR
510 2872 548 2910 V
759 2884 840 2923 359
860 2873 971 2910 lavat
992 2871 1046 2912 M
1049 2872 1064 2893 2
1196 2873 1275 2921 363
1295 2870 1445 2922 vulgo]
1467 2870 1575 2910 ultro
1596 2871 1774 2923 Schaper

107 2931 187 2980 365
217 2930 260 2968 in
281 2929 457 2968 solidam
478 2927 566 2975 Ryl
717 2930 799 2977 366
828 2941 908 2967 om.
933 2927 977 2965 R
1130 2928 1212 2976 369
1241 2927 1433 2966 confecto
1460 2924 1538 2963 VR
1692 2939 1772 2976 377

107 2982 323 3035 totasque]
343 2990 453 3023 totas
473 2981 527 3021 M
528 2981 639 3034 2ὙόῙι·
800 2982 880 3030 383
907 2981 1105 3019 velantur
1122 2980 1217 3018 Mbc

162 3064 293 3093 VERG.
1348 3111 1350 3113 ,
1635 3043 1665 3083 6
