2014 3372
209 158 263 205 P.
304 157 603 205 VERGILI
642 158 970 207 MARONIS

207 296 350 344 hasta
383 297 568 357 volans,
609 306 664 346 ut
700 299 825 346 forte
860 314 1045 348 novem
1080 298 1413 363 pulcherrima
1448 301 1651 349 fratrum

205 393 415 439 corpora
449 377 773 427 constiterant
809 388 994 439 contra,
1035 396 1161 443 quos
1198 381 1300 430 fida
1336 391 1523 430 crearat

204 476 307 507 una
341 468 416 508 tot
452 460 670 509 Arcadio
706 460 925 510 coniunx
959 464 1218 525 Tyrrhena
1254 463 1484 527 Gylippo,

203 541 383 588 horum
420 558 578 590 unum
613 543 678 590 ad
714 542 950 603 medium,
989 543 1160 593 teritur
1196 561 1295 608 qua
1330 545 1487 594 sutilis
1522 547 1634 595 alvo

203 622 398 671 balteus
435 632 484 672 et
518 625 727 672 laterum
763 624 1015 673 iuncturas
1051 626 1205 674 fibula
1241 628 1451 686 mordet,

202 704 454 767 egregium
490 707 649 753 forma
683 704 913 754 iuvenem
951 716 1001 755 et
1035 707 1339 769 fulgentibus
1374 708 1538 768 armis,

202 786 492 850 transadigit
529 796 690 836 costas
726 789 959 851 fulvaque
995 789 1205 838 effundit
1241 791 1437 839 harena.

201 876 251 916 at
287 870 470 927 fratres,
510 869 735 918 animosa
770 871 986 932 phalanx
1022 887 1332 934 accensaque
1368 873 1518 932 luctu,

201 966 311 1012 pars
348 949 538 1014 gladios
576 949 821 1013 stringunt
857 951 1102 1011 manibus,
1142 969 1254 1015 pars
1291 951 1476 1002 missile
1512 955 1696 1004 ferrum

201 1030 472 1094 corripiunt
508 1031 743 1094 caecique
779 1042 940 1081 ruunt.
1016 1050 1143 1096 quos
1178 1033 1378 1096 agmina
1412 1044 1585 1083 contra

200 1121 495 1175 procurrunt
531 1115 850 1172 Laurentum,
891 1113 1009 1162 hinc
1045 1114 1189 1163 densi
1225 1132 1390 1164 rursus
1426 1115 1673 1166 inundant

200 1196 359 1242 Troes
395 1194 716 1258 Agyllinique
753 1204 801 1243 et
837 1194 982 1258 pictis
1018 1197 1242 1245 Arcades
1277 1195 1440 1245 armis.

199 1277 270 1325 sic
306 1277 469 1326 omnis
505 1295 645 1326 amor
679 1295 809 1327 unus
845 1280 998 1328 habet
1033 1281 1300 1329 decernere
1336 1281 1477 1330 ferro.

199 1358 447 1422 diripuere
483 1376 602 1419 aras,
643 1359 681 1408 it
718 1369 825 1409 toto
855 1360 1055 1410 turbida
1091 1364 1231 1411 caelo

198 1450 466 1505 tempestas
503 1444 714 1491 telorum
749 1460 808 1492 ac
844 1446 1028 1492 ferreus
1065 1443 1246 1507 ingruit
1280 1444 1452 1506 imber,

198 1532 509 1587 craterasque
545 1526 786 1587 focosque
822 1527 997 1574 ferunt.
1072 1525 1195 1588 fugit
1231 1526 1337 1589 ipse
1374 1527 1582 1577 Latinus

196 1606 418 1667 pulsatos
454 1607 669 1654 referens
707 1605 893 1655 infecto
929 1608 1130 1655 foedere
1167 1607 1321 1656 divos

267 1691 524 1738 Infrenant
560 1689 643 1738 alii
680 1706 848 1738 currus
884 1699 970 1738 aut
1007 1707 1214 1752 corpora
1250 1692 1377 1739 saltu

198 1770 449 1819 subiciunt
486 1770 537 1819 in
574 1787 730 1834 equos
768 1781 817 1820 et
853 1771 1031 1820 strictis
1069 1772 1271 1820 ensibus
1308 1774 1502 1821 adsunt.

198 1854 461 1915 Messapus
498 1870 663 1916 regem
700 1853 926 1916 regisque
962 1853 1153 1917 insigne
1189 1863 1442 1917 gerentem

194 1936 507 1997 Tyrrhenum
543 1937 797 1995 Aulesten,
837 1935 1012 1984 avidus
1050 1937 1356 1984 confundere
1387 1938 1578 1996 foedus,

193 2017 403 2065 adverso
439 2025 677 2079 proterret
714 2032 859 2079 equo,
899 2015 995 2064 ruit
1032 2015 1113 2064 ille
1150 2018 1387 2065 recedens

194 2105 243 2145 et
279 2095 427 2145 miser
462 2096 703 2159 oppositis
739 2114 769 2145 a
805 2106 941 2159 tergo
979 2096 1243 2145 involvitur
1277 2097 1371 2146 aris

193 2178 245 2227 in
283 2188 430 2241 caput
466 2178 618 2242 inque
654 2196 863 2228 umeros.
938 2188 989 2227 at
1024 2179 1240 2228 fervidus
1276 2181 1476 2229 advolat
1511 2182 1653 2229 hasta

195 2262 458 2323 Messapus
495 2262 696 2324 teloque
733 2269 957 2309 orantem
995 2256 1150 2309 multa
1185 2261 1358 2309 trabali

193 2343 406 2405 desuper
441 2343 568 2391 altus
605 2359 737 2406 equo
772 2343 979 2406 graviter
1016 2343 1125 2392 ferit
1162 2353 1312 2406 atque
1348 2344 1415 2393 ita
1450 2346 1609 2392 fatur:

197 2424 323 2472 ‘hoc
359 2424 524 2483 habet,
564 2425 688 2472 haec
725 2424 898 2473 melior
935 2425 1126 2488 magnis
1164 2427 1280 2474 data
1315 2426 1515 2475 victima
1551 2425 1707 2475 divis.'

191 2509 491 2553 concurrunt
530 2504 642 2553 Itali
679 2506 993 2571 spoliantque
1033 2508 1245 2557 calentia
1280 2509 1515 2558 membra.

191 2585 366 2634 obvius
403 2585 689 2634 ambustum
726 2597 908 2637 torrem
947 2590 1233 2652 Corynaeus
1268 2590 1333 2638 ab
1369 2607 1452 2638 ara

190 2667 389 2731 corripit
426 2676 474 2716 et
509 2668 727 2718 venienti
766 2670 935 2733 Ebyso
971 2673 1268 2734 plagamque
1304 2672 1478 2721 ferenti

190 2759 401 2813 occupat
438 2767 492 2799 os
530 2752 772 2802 fiammis:
823 2753 908 2802 olli
943 2753 1116 2817 ingens
1153 2755 1308 2804 barba
1343 2754 1518 2804 reluxit

1807 310 1885 363 ²76

1806 719 1882 772 2'75

1801 1129 1879 1170 280

1795 1538 1872 1590 285

1793 1954 1872 1999 ²90

1768 2367 1771 2369 ’
1789 2364 1864 2406 295

1781 2773 1863 2815 3⁴00

232 2870 435 2933 *270-300
466 2880 597 2920 MPR
804 2894 882 2932 273
913 2881 1095 2920 mediam
1125 2880 1217 2920 M'¹n·
1365 2881 1459 2921 alvo
1487 2879 1676 2932 P²R7bc¹
1710 2878 1828 2920 Serv.
1852 2893 1861 2918 τ

191 2937 311 2976 alveo
331 2935 387 2974 P¹
405 2952 415 2976 ε
445 2937 581 2976 alvum
603 2951 630 2973 π
649 2934 858 2975 deteriores
880 2950 888 2975 :
918 2948 1023 2975 auro
1047 2934 1099 2973 M
1261 2937 1342 2986 283
1371 2935 1424 2988 it]
1446 2941 1490 2976 et
1509 2935 1613 2986 ΡΙὙι

188 2992 279 3043 aut]
303 2997 345 3030 et
369 2991 420 3030 M
555 2991 635 3029 288
663 2991 835 3030 adstant
855 2989 921 3029 M2

1779 2933 1860 2984 287
