2014 3372
1303 147 1664 196 AENEIDOS
1700 146 1807 195 VII

138 290 273 337 nulla
308 288 412 348 fuit,
451 287 708 352 primaque
743 286 906 336 oriens
943 295 1111 349 erepta
1145 284 1345 335 iuventa
1379 294 1466 334 est.

140 373 246 419 sola
282 371 489 423 domum
525 379 574 418 et
610 378 771 418 tantas
807 368 1032 417 servabat
1067 366 1167 415 filia
1203 368 1346 416 sedes

138 450 237 499 iam
274 460 464 499 matura
498 449 616 509 viro,
654 449 754 499 iam
789 448 948 514 plenis
985 448 1168 498 nubilis
1201 447 1358 497 annis.

139 530 281 579 multi
315 531 450 579 illam
485 547 667 594 magno
702 548 731 580 e
767 530 911 579 Latio
947 538 1150 592 totaque
1184 530 1421 592 petebant

139 612 362 661 Ausonia
379 631 393 673 3
439 612 562 676 petit
597 621 712 661 ante
746 611 869 660 alios
905 610 1263 674 pulcherrimus
1299 609 1461 658 omnis
1755 629 1806 669 55

139 695 352 752 Turnus,
389 692 492 741 avis
526 693 781 755 atavisque
815 701 1007 756 potens,
1047 708 1198 754 quem
1233 691 1366 754 regia
1399 690 1619 740 coniunx

138 773 341 836 adiungi
374 791 610 837 generum
646 773 770 822 miro
806 773 1100 836 properabat
1135 789 1303 820 amore
1319 790 1334 832 3

139 856 229 903 sed
264 854 406 903 variis
442 864 669 919 portenta
704 856 856 903 deum
892 853 1155 904 terroribus
1193 854 1404 902 obstant.

138 937 304 983 laurus
339 945 442 984 erat
476 936 594 984 tecti
629 936 796 985 medio
832 937 883 984 in
918 937 1251 999 penetralibus
1286 938 1397 986 altis

139 1034 277 1065 sacra
311 1034 508 1065 comam
543 1019 825 1080 multosque
861 1027 998 1066 metu
1033 1028 1222 1067 servata
1255 1035 1343 1081 per
1376 1035 1550 1077 annos,
1757 1026 1811 1066 60

140 1116 290 1161 quam
325 1107 463 1162 pater
497 1098 762 1159 inventam,
800 1099 982 1162 primas
1018 1117 1134 1148 cum
1170 1100 1406 1148 conderet
1439 1116 1590 1159 arces,

139 1179 246 1242 ipse
279 1180 526 1227 ferebatur
561 1180 768 1228 Phoebo
804 1197 1020 1229 sacrasse
1057 1180 1277 1240 Latinus,

141 1260 499 1324 Laurentisque
533 1261 598 1309 ab
634 1278 693 1309 ea
728 1278 913 1310 nomen
948 1262 1173 1324 posuisse
1208 1262 1411 1311 colonis.

139 1341 286 1390 huius
321 1359 440 1405 apes
475 1359 725 1390 summum
762 1344 946 1391 densae
983 1342 1226 1408 (mirabile
1263 1343 1420 1408 dictu)

141 1423 348 1472 stridore
384 1423 571 1487 ingenti
606 1424 851 1486 liquidum
888 1434 1021 1472 trans
1056 1427 1256 1474 aethera
1289 1434 1460 1474 vectae
1757 1434 1809 1484 65

140 1506 380 1556 obsedere
415 1507 622 1570 apicem,
662 1516 710 1556 et
746 1507 957 1571 pedibus
993 1524 1080 1571 per
1115 1517 1287 1556 mutua
1322 1506 1459 1556 nexis

140 1605 347 1636 examen
383 1588 601 1636 subitum
638 1605 775 1636 ramo
811 1591 1074 1637 frondente
1110 1587 1360 1651 pependit.

140 1669 378 1717 continuo
413 1678 548 1717 vates
588 1673 871 1718 ‘externum
908 1669 1180 1717 cernimus'
1216 1668 1376 1732 inquit

144 1754 155 1775 ‘
173 1750 438 1797 adventare
473 1749 631 1797 virum
668 1758 716 1798 et
750 1749 900 1812 partis
937 1759 1103 1813 petere
1138 1766 1318 1813 agmen
1354 1751 1556 1799 easdem

140 1829 360 1893 partibus
396 1847 455 1878 ex
490 1829 648 1879 isdem
685 1840 734 1879 et
769 1847 965 1879 summa
1000 1830 1298 1879 dominarier
1333 1833 1474 1879 arce.'
1761 1850 1812 1891 70

140 1919 402 1974 praeterea,
441 1910 585 1959 castis
620 1912 788 1960 adolet
824 1914 946 1960 dum
981 1911 1151 1960 altaria
1186 1911 1357 1971 taediS‚

140 2001 189 2040 et
224 1991 356 2040 iuxta
391 1992 664 2054 genitorem
699 2002 827 2041 astat
865 1992 1069 2041 Lavinia
1104 1993 1252 2056 virgo,

139 2072 257 2132 visa,
294 2074 443 2130 nefas,
483 2072 641 2136 longis
678 2074 1036 2135 comprendere
1073 2072 1288 2121 crinibus
1325 2073 1490 2137 ignem

140 2163 290 2216 atque
325 2170 527 2202 omnem
564 2162 793 2202 ornatum
830 2155 1032 2201 flamma
1067 2153 1337 2216 crepitante
1373 2153 1591 2215 cremari,

141 2234 412 2297 regalisque
447 2251 657 2282 accensa
694 2251 876 2294 comas,
917 2251 1127 2283 accensa
1163 2251 1399 2283 coronam
1760 2253 1808 2297 75

141 2314 383 2377 insignem
418 2315 661 2378 gemmis,
697 2325 803 2364 tum
840 2316 1030 2364 fumida
1066 2315 1252 2364 lumine
1288 2317 1422 2364 fulvo

141 2395 323 2443 involvi
357 2412 415 2444 ac
451 2396 566 2444 totis
602 2399 884 2446 Volcanum
922 2413 1147 2460 spargere
1184 2395 1337 2445 tectis.

141 2475 193 2524 id
228 2493 343 2524 vero
379 2478 681 2526 horrendum
717 2496 777 2527 ac
815 2478 921 2527 visu
960 2477 1183 2526 mirabile
1219 2477 1359 2525 ferri:

141 2574 357 2620 namque
392 2560 495 2607 fore
531 2559 786 2608 inlustrem
822 2562 954 2608 fama
990 2558 1201 2622 fatisque
1238 2559 1483 2607 canebant

142 2637 313 2699 ipsam,
353 2641 441 2687 sed
476 2643 663 2703 populo
699 2658 934 2704 magnum
970 2640 1264 2703 portendere
1301 2641 1498 2688 bellurn.
1758 2650 1811 2688 80

209 2721 277 2766 At
313 2736 395 2767 rex
431 2721 667 2770 sollicitus
704 2721 936 2770 monstris
973 2724 1172 2770 oracula
1209 2721 1379 2780 Fauni,

197 2852 331 2900 51-58
363 2850 553 2899 FMPR3
598 2863 651 2900 59
661 2853 730 2890 -81
768 2850 899 2889 MPR
1158 2863 1207 2900 51
1240 2851 1379 2900 prima
1417 2850 1608 2888 moriens
1644 2849 1811 2899 Bentley

143 2914 197 2953 53
227 2906 270 2943 in
290 2906 431 2954 plenis
449 2905 492 2943 P
655 2918 701 2954 71
736 2905 854 2956 dum]
878 2918 972 2944 cum
993 2905 1158 2944 Nonius
1169 2911 1214 2955 p.
1237 2917 1315 2954 247
1337 2910 1374 2943 et
1392 2917 1474 2953 440
1628 2917 1678 2953 72
1710 2910 1755 2942 ut
1777 2903 1808 2941 c1

144 2957 349 2998 detmbres
366 2959 550 3009 quidam,
564 2960 746 3012 probant
762 2959 904 3008 qune
922 2959 997 2997 alii
1075 2992 1079 2995 .

200 3039 332 3070 VERG.
1112 3058 1121 3062 -
1652 3024 1705 3065 18
