2014 3372
1370 173 1732 222 AENEIDOS
1770 173 1797 220 Ι

128 329 314 376 perque
349 312 509 361 undas
546 319 810 375 superante
843 313 947 362 salo
982 328 1169 375 perque
1204 311 1336 360 invia
1367 328 1486 361 saxa

127 392 361 456 dispulit3
407 394 505 441 huc
539 392 686 456 pauci
720 392 891 441 vestris
925 392 1218 442 adnavimus
1255 392 1364 442 oris.

130 475 264 537 quod
279 490 434 537 genus
450 475 547 522 hoc
565 473 864 522 hominum?
899 490 1088 536 quaeve
1107 475 1241 522 hunc
1258 483 1360 522 tarn
1378 474 1587 522 barbara
1605 480 1809 523 morem*

126 555 363 618 permittit
398 554 593 618 patria?
640 553 856 617 hospitio
893 553 1213 617 prohibemur
1249 556 1462 603 harenae
1478 573 1492 616 3
1717 576 1796 615 540

126 637 257 685 bella
292 635 424 684 cient
459 634 716 699 primaque
751 644 918 683 vetant
954 634 1222 683 consistere
1259 644 1396 684 terra.

124 716 166 764 si
200 733 355 780 genus
391 717 666 764 humanum
702 725 751 764 et
787 715 1012 764 mortalia
1047 715 1264 764 temnitis
1305 732 1454 775 arma,

123 806 175 845 at
210 806 401 860 sperate
437 798 558 845 deos
595 812 838 845 memores
874 795 1011 844 fandi
1046 805 1196 858 atque
1236 796 1452 845 nefandi.

125 897 208 932 rex
243 889 344 928 erat
379 882 576 928 Aeneas
613 879 772 939 nobis,
812 896 913 942 quo
950 878 1122 928 iustior
1156 881 1278 928 alter

124 978 218 1009 nec
252 960 435 1024 pietate
471 960 574 1020 fuit,
615 977 708 1009 nec
745 961 877 1009 bello
914 960 1069 1009 maior
1104 969 1154 1008 et
1187 959 1348 1008 armis.
1711 981 1793 1022 545

124 1059 274 1106 quem
310 1042 351 1091 si
386 1044 485 1090 fata
519 1041 678 1091 virum
715 1051 922 1101 servant,
962 1041 1002 1090 si
1037 1041 1248 1090 vescitur
1282 1058 1401 1090 aura

122 1122 338 1171 aetheria
374 1139 536 1186 neque
571 1124 737 1171 adhuc
773 1121 1056 1171 crudelibus
1092 1123 1305 1171 occubat
1340 1121 1540 1183 umbris,

123 1221 226 1254 non
263 1214 436 1264 metus,
475 1204 638 1253 officio
675 1221 769 1252 nec
804 1214 853 1252 te
890 1213 1100 1253 certasse
1135 1204 1349 1266 priorem

121 1284 403 1348 paeniteat:
447 1294 561 1333 sunt
598 1294 647 1333 et
684 1283 859 1333 Siculis
895 1284 1178 1347 regionibus
1214 1285 1360 1348 urbes

120 1383 369 1429 armaque,
409 1365 727 1428 Troianoque
761 1383 791 1413 a
827 1365 1066 1428 sanguine
1100 1367 1258 1413 clarus
1293 1367 1513 1414 Acestes.
1712 1388 1795 1428 550

122 1457 403 1510 quassatam
439 1447 596 1496 ventis
634 1446 778 1495 liceat
814 1447 1091 1495 subducere
1126 1448 1335 1495 classem

121 1538 170 1576 et
206 1527 338 1576 silvis
374 1538 542 1590 aptare
580 1528 743 1576 trabes
779 1537 828 1576 et
864 1526 1098 1590 stringere
1134 1543 1308 1587 remos,

121 1610 163 1658 si
197 1601 341 1659 datur
378 1609 573 1658 Italiam
610 1609 756 1658 sociis
793 1618 841 1657 et
876 1625 989 1671 rege
1024 1618 1224 1672 recepto

120 1693 336 1751 tendere,
377 1701 430 1740 ut
470 1690 664 1740 Italiam
701 1690 815 1739 laeti
852 1689 1150 1753 Latiumque
1186 1699 1442 1753 petamus;

121 1772 197 1821 sin
232 1774 497 1835 absumpta
535 1774 677 1831 salus,
719 1781 767 1820 et
804 1780 866 1830 te,
905 1780 1043 1834 pater
1078 1770 1266 1834 optime
1301 1773 1565 1832 Teucrum,
1711 1793 1787 1833 555

81 1915 87 1921 Ι
120 1863 303 1916 pontus
339 1855 489 1902 habet
527 1853 712 1916 Libyae
749 1869 843 1901 nec
877 1869 990 1915 spes
1026 1851 1125 1901 iam
1160 1861 1309 1900 restat
1346 1852 1455 1912 Iuli,

119 1946 170 1983 at
205 1938 325 1985 freta
362 1935 586 1985 Sicaniae
624 1937 797 1983 saltem
834 1936 1078 1996 sedesque
1112 1943 1318 1997 paratas,

120 2019 255 2066 unde
290 2020 389 2067 hue
424 2017 630 2077 advecti,
673 2033 938 2080 regemque
975 2026 1200 2078 petamus
1236 2019 1484 2065 Acesten.'

121 2098 299 2147 talibus
338 2098 591 2159 Ilioneus3
639 2098 806 2146 cuncti
842 2096 988 2145 simul
1023 2114 1107 2146 ore
1143 2097 1419 2145 fremebant
1482 2144 1486 2147 .

123 2179 452 2228 Dardanidae.
1708 2187 1790 2239 560

187 2263 320 2309 Tum
355 2262 566 2311 breviter
602 2263 738 2312 Dido
774 2264 965 2311 vultum
1001 2259 1216 2308 demissa
1251 2261 1500 2322 profatur:

125 2342 323 2391 ‘solvite
359 2345 508 2392 corde
545 2354 747 2403 metum,
786 2342 979 2401 Teucri,
1019 2340 1258 2389 secludite
1293 2357 1446 2389 curas.

120 2439 196 2470 res
232 2425 354 2471 dura
389 2434 438 2472 et
473 2424 608 2487 regni
643 2424 834 2473 novitas
872 2441 952 2472 me
988 2422 1103 2470 talia
1138 2430 1322 2484 cogunt

122 2504 280 2552 moliri
316 2514 364 2553 et
399 2507 496 2554 late
532 2505 642 2554 finis
679 2508 886 2555 custode
923 2505 1059 2553 tueri.

121 2585 230 2646 quis
266 2603 420 2648 genus
455 2588 764 2647 Aeneadum,
805 2587 916 2649 quis
952 2586 1132 2635 Troiae
1169 2585 1355 2635 nesciat
1391 2585 1578 2644 urbem,
1697 2593 1784 2644 -565

120 2664 420 2729 virtutesque
455 2668 683 2731 virosque
718 2678 803 2716 aut
839 2667 961 2716 tanti
997 2667 1228 2718 incendia
1263 2666 1416 2716 belli?

122 2763 223 2795 non
260 2748 472 2796 obtunsa
507 2751 634 2798 adeo
669 2758 918 2813 gestamus
955 2759 1154 2812 pectora
1192 2748 1367 2807 Poeni,

175 2878 363 2926 537—567
388 2875 518 2915 MPR
737 2890 814 2926 547
847 2878 962 2916 aeria
985 2877 1235 2915 Lachmann
1359 2875 1440 2925 548
1471 2874 1570 2924 nec]
1592 2887 1646 2913 ne
1669 2873 1787 2913 codex

121 2930 456 2982 Hamburgensis
473 2945 499 2970 a
522 2944 655 2969 manu
675 2944 700 2969 2
893 2942 975 2980 550
1004 2943 1187 2980 arvaque
1208 2929 1262 2968 M
1271 2929 1428 2979 Henry,
1452 2929 1566 2979 quod
1583 2928 1711 2968 nescio
1729 2942 1785 2968 an

122 2983 238 3024 Serv.
261 2985 397 3037 legerit
415 2985 474 3024 ad
488 2999 524 3025 v.
548 2998 629 3036 549
650 2988 659 3006 ‘
675 2998 798 3025 arma
819 2986 987 3025 latenter
1004 2984 1214 3024 minatur'
1237 2988 1543 3023 commentatus
