2014 3372
1356 155 1722 205 AENEIDOS
1758 154 1804 202 V

198 290 267 337 At
301 297 439 352 pater
473 291 671 340 Aeneas
706 291 934 340 nondum
971 291 1241 341 certamine
1276 291 1429 341 misso
1721 311 1803 353 545

131 371 391 419 custodem
427 372 492 420 ad
530 387 637 420 sese
673 371 1011 436 comitemque
1046 372 1265 436 impubis
1305 372 1400 422 Iuli

132 450 382 514 Epytiden
419 462 577 512 vocat,
617 461 667 502 et
702 454 856 502 fidam
893 454 964 502 sic
1002 456 1130 503 fatur
1164 457 1230 503 ad
1265 472 1467 504 aurem:

135 536 146 558 ‘
164 533 289 581 vade
324 549 413 595 age
450 542 498 582 et
533 534 764 594 Ascanio,
805 534 845 583 si
881 534 980 583 iam
1016 535 1204 598 puerile
1239 545 1465 599 paratum

130 628 308 675 agmen
346 614 497 662 habet
533 631 703 663 secum
740 631 1012 678 cursusque
1047 615 1274 664 instruxit
1309 633 1566 679 equorum,
1605 650 1611 655 ψ

130 695 280 742 ducat
315 711 407 743 avo
444 705 628 744 turmas
665 705 714 744 et
749 713 856 745 sese
892 699 1123 746 ostendat
1159 698 1210 746 in
1245 698 1394 747 armis
1724 720 1806 760 550

131 774 239 823 dic'
272 775 352 824 ait.
428 776 534 839 ipse
570 765 772 826 omnem
810 780 960 841 longo
997 778 1254 828 discedere
1290 779 1422 828 circo

131 854 348 904 infusum
384 859 627 919 populum
664 866 713 906 et
748 875 952 921 campos
989 859 1128 908 iubet
1165 877 1272 909 esse
1308 860 1536 923 patentis.

131 936 368 986 incedunt
404 938 543 1001 pueri
580 939 858 1003 pariterque
894 950 1010 989 ante
1046 957 1132 989 ora
1168 951 1430 1004 parentum

130 1017 328 1066 frenatis
365 1020 532 1068 lucent
569 1019 620 1067 in
657 1020 810 1083 equis,
850 1037 976 1083 quos
1013 1021 1175 1069 omnis
1212 1021 1375 1070 euntis

130 1099 411 1148 Trinacriae
447 1100 620 1149 mirata
654 1101 816 1150 fremit
847 1101 1127 1165 Troiaeque
1163 1102 1405 1151 iuventus.
1726 1125 1804 1166 555

131 1180 363 1229 omnibus
399 1181 451 1228 in
488 1199 678 1231 morem
714 1192 859 1232 tonsa
894 1200 1040 1232 coma
1074 1201 1244 1247 pressa
1277 1201 1463 1233 corona
1479 1203 1494 1246 ;

131 1278 311 1310 cornea
346 1262 464 1311 bina
499 1264 661 1311 ferunt
695 1266 910 1326 praefixa
944 1264 1139 1313 hastilia
1173 1267 1314 1325 ferro,

129 1359 239 1406 pars
276 1343 395 1391 levis
432 1360 604 1392 umero
639 1345 923 1407 pharetras3
964 1344 1002 1393 it
1038 1354 1239 1408 pectore
1274 1362 1471 1395 summo

130 1423 301 1472 flexilis
338 1424 520 1473 obtorti
555 1441 643 1487 per
677 1427 862 1474 collum
899 1425 1110 1474 circulus
1146 1426 1263 1475 auri.

130 1515 225 1554 tres
262 1505 484 1568 equitum
521 1523 729 1556 numero
766 1516 955 1556 turmae
992 1507 1219 1571 ternique
1253 1518 1492 1573 vagantur
1724 1519 1804 1571 560

130 1587 358 1635 ductores
376 1605 389 1647 3
431 1587 571 1650 pueri
605 1587 682 1636 bis
719 1588 826 1637 seni.
863 1605 1116 1652 quemque
1153 1589 1310 1637 secuti

128 1667 324 1730 agmine
359 1668 538 1731 partito
574 1671 763 1732 fulgent
798 1669 1099 1733 paribusque
1135 1670 1390 1734 magistris.

129 1766 228 1798 una
262 1750 392 1799 acies
427 1750 677 1811 iuvenum,
716 1751 854 1800 ducit
890 1768 1041 1815 quam
1077 1769 1254 1815 parvus
1291 1761 1524 1801 ovantem

128 1849 315 1881 nomen
349 1832 427 1881 avi
462 1835 675 1882 referens
713 1833 950 1894 Priamus,
990 1844 1075 1883 tua
1109 1837 1273 1902 clara,p
1293 1834 1466 1894 Polite,

95 1932 98 1934 ·
129 1913 399 1977 progenieS,
438 1924 642 1962 auctura
680 1916 832 1963 Italos
850 1933 863 1975 3
907 1932 1057 1978 quem
1091 1915 1333 1964 Thracius
1370 1915 1496 1965 albis
1719 1925 1797 1979 565

128 2004 290 2057 portat
325 2011 482 2057 equus
520 1995 708 2044 bicolor
744 1996 963 2055 maculis,
1004 1996 1207 2058 vestigia
1243 1996 1387 2059 primi

127 2074 241 2121 alba
275 2073 416 2136 pedis
453 2076 766 2137 frontemque
803 2084 1057 2123 ostentans
1093 2077 1275 2124 arduus
1312 2076 1489 2124 albam.

127 2156 248 2202 alter
279 2158 415 2217 Atys,
455 2172 610 2219 genus
646 2157 781 2205 unde
816 2155 920 2204 Atii
956 2158 1138 2205 duxere
1175 2155 1353 2216 Latini,

127 2251 303 2297 parvus
340 2239 462 2299 Atys
498 2253 754 2300 pueroque
788 2253 911 2300 puer
946 2237 1155 2286 dilectus
1194 2239 1319 2286 Iulo.

128 2325 371 2364 extremus
407 2319 663 2380 formaque
698 2327 814 2366 ante
849 2317 1011 2366 omnis
1047 2320 1253 2381 pulcher
1289 2319 1427 2367 Iulus
1716 2338 1797 2383 570

128 2395 334 2444 Sidonio
372 2406 444 2445 est
480 2397 703 2446 invectus
741 2414 886 2461 equo,
925 2415 1075 2460 quem
1112 2397 1327 2447 candida
1365 2397 1501 2448 Dido

127 2493 234 2524 esse
271 2477 346 2525 sui
383 2479 586 2527 dederat
623 2478 990 2527 monimentum
1027 2488 1075 2527 et
1111 2478 1289 2542 pignus
1324 2481 1518 2529 amoris.

127 2567 288 2606 cetera
323 2559 586 2608 Trinacriis
622 2560 782 2622 pubes
819 2559 1024 2609 senioris
1061 2563 1272 2609 Acestae

126 2640 275 2687 fertur
310 2640 462 2702 equis.

126 2719 376 2784 excipiunt
410 2723 586 2784 plausu
622 2723 828 2786 pavidos
865 2725 1182 2786 gaudentque
1218 2731 1412 2771 tuentes
1711 2744 1789 2784 575

180 2860 369 2900 545—575
391 2850 522 2889 MPR
732 2855 814 2902 548
843 2860 1013 2903 paratus
1032 2852 1090 2891 P1
1243 2864 1319 2902 551
1353 2852 1564 2892 decedere
1585 2851 1792 2904 MR72bcn

126 2905 207 2952 558
237 2905 268 2943 it
287 2904 392 2944 M²c²
413 2905 527 2946 Serv.
549 2920 557 2944 ε
582 2911 623 2945 et
645 2905 871 2958 M¹R7¹b¹z
902 2909 961 2947 iet
980 2907 1023 2946 P
1039 2908 1176 2957 (erasa
1196 2907 1227 2957 i)
1246 2920 1255 2944 :
1287 2907 1330 2945 id
1349 2907 1395 2956 7²
1505 2909 1585 2955 564
1616 2919 1712 2945 cara
1731 2906 1790 2944 Pl

126 2968 209 3006 570
241 2958 418 2998 formam
449 2959 503 2998 M
504 2960 518 2982 ¹
787 2972 867 3011 573
897 2961 1129 3000 Trinacriis
1161 2960 1366 3013 detenbres
1403 2960 1587 3012 quidam,
1629 2960 1792 3000 editores

120 3011 322 3063 plerique:
354 3014 564 3054 Trinacrii
584 3015 712 3054 P¹Rb
731 3015 846 3055 Serv.
870 3015 1064 3054 Ribbeck:
1096 3015 1339 3054 Trinacriae
1361 3014 1589 3066 MP²7a²crr
