2014 3372
221 147 274 195 P.
314 148 618 196 VERGILI
658 148 987 197 MARONIS

220 287 437 337 candida
471 304 560 351 per
596 287 770 337 silvam
807 305 922 341 cum
960 289 1063 336 fetu
1101 289 1337 337 concolor
1372 288 1489 336 albo

220 369 486 432 procubuit
521 369 764 432 viridique
801 369 852 417 in
889 368 1031 418 litore
1069 368 1371 432 conspicitur
1409 384 1520 417 sus:

222 466 372 513 quam
408 450 520 514 pius
557 454 754 499 Aeneas
792 450 882 498 tibi
920 450 1068 510 enim,
1108 450 1211 510 tibi,
1252 450 1467 498 maxima
1504 451 1649 508 Iuno,

221 540 405 580 mactat
442 549 578 580 sacra
614 534 775 581 ferens
812 541 860 580 et
897 548 1012 580 cum
1048 548 1193 595 grege
1230 530 1354 580 sistit
1390 533 1455 580 ad
1490 547 1638 579 aram.
1851 539 1903 590 85

222 612 436 675 Thybris
474 630 532 662 ea
567 613 786 674 fluvium,
827 630 978 677 quam
1014 615 1164 676 longa
1199 621 1285 672 est,
1326 621 1475 661 nocte
1511 619 1788 661 tumentem

221 694 373 755 leniit,
414 705 462 744 et
499 695 647 744 tacita
682 697 895 744 refluens
932 694 1000 743 ita
1036 693 1253 743 substitit
1290 695 1439 753 unda,

223 777 355 826 mitis
395 787 448 826 ut
484 778 535 826 in
573 794 764 834 morem
800 777 958 842 stagni
994 776 1321 840 placidaeque
1357 776 1551 839 paludis

223 869 460 909 sterneret
495 877 682 924 aequor
716 860 873 924 aquis,
912 877 1050 909 remo
1087 869 1140 908 ut
1177 861 1428 910 luctamen
1464 859 1673 908 abesset.

223 960 338 1007 ergo
375 942 466 991 iter
500 942 757 1006 inceptum
793 945 1021 992 celerant.
1096 958 1292 990 rumore
1330 941 1552 989 secundo
1850 959 1905 1001 90

226 1024 407 1073 labitur
442 1034 593 1073 uncta
628 1024 767 1074 vadis
803 1024 955 1085 abies,
995 1024 1233 1073 mirantur
1270 1033 1318 1073 et
1354 1024 1533 1083 undae,

223 1106 426 1155 miratur
462 1124 639 1156 nemus
676 1107 928 1156 insuetum
964 1106 1202 1170 fulgentia
1236 1109 1384 1169 longe

223 1199 363 1238 scuta
399 1189 557 1238 virum
595 1189 746 1238 fluvio
782 1189 1041 1253 pictasque
1077 1189 1249 1238 innare
1285 1188 1488 1238 carinas.

223 1271 307 1320 olli
344 1270 548 1335 remigio
585 1281 887 1335 noctemque
923 1270 1159 1334 diemque
1194 1270 1399 1333 fatigant

223 1363 271 1403 et
308 1356 484 1417 longos
521 1363 755 1416 superant
791 1356 958 1414 flexus,
998 1353 1243 1416 variisque
1279 1361 1510 1416 teguntur
1850 1369 1903 1411 95

221 1435 494 1495 arboribus,
534 1434 804 1498 viridisque
841 1444 1011 1484 secant
1047 1434 1247 1499 placido
1283 1451 1499 1498 aequore
1537 1432 1693 1482 silvas.

222 1520 296 1567 sol
333 1517 556 1567 medium
593 1517 717 1566 caeli
753 1519 1113 1566 conscenderat
1148 1517 1322 1581 igneus
1359 1517 1532 1566 orbem

222 1620 337 1651 cum
374 1619 541 1651 muros
577 1619 843 1665 arcemque
879 1604 1052 1665 procul
1087 1619 1146 1651 ac
1182 1619 1289 1656 rara
1324 1604 1590 1651 domorum

221 1694 352 1734 tecta
387 1684 573 1745 vident,
614 1701 742 1748 quae
778 1702 914 1733 nunc
951 1687 1183 1734 Romana
1218 1684 1442 1747 potentia
1478 1685 1617 1733 caelo

220 1766 465 1831 aequavit,
506 1776 613 1815 tum
650 1784 726 1816 res
763 1766 938 1830 inopes
977 1769 1241 1816 Euandrus
1278 1767 1506 1816 habebat.
1825 1782 1904 1810 100

222 1849 359 1898 ocius
395 1850 658 1898 advertunt
694 1866 862 1912 proras
899 1849 1110 1913 urbique
1145 1849 1495 1913 propinquant.

290 1934 437 1979 Forte
474 1930 555 1980 die
592 1932 886 1980 sollemnem
923 1930 1008 1980 illo
1045 1948 1128 1979 rex
1161 1934 1316 1980 Arcas
1353 1933 1596 1980 honorem

221 2012 700 2077 Amphitryoniadae
736 2030 918 2077 magno
955 2012 1181 2076 divisque
1217 2014 1405 2062 ferebat

220 2104 336 2143 ante
372 2095 547 2143 urbem
583 2094 635 2142 in
671 2096 799 2143 luco.
875 2097 1035 2143 Pallas
1072 2095 1189 2144 huic
1225 2095 1353 2144 filius
1390 2111 1502 2154 una,

221 2194 320 2225 una
357 2194 531 2225 omnes
568 2176 805 2225 iuvenum
841 2177 987 2240 primi
1023 2194 1310 2240 pauperque
1348 2185 1546 2226 senatus
1824 2190 1900 2230 105

221 2269 329 2306 tura
364 2259 565 2318 dabant,
606 2258 904 2321 tepidusque
942 2275 1085 2307 cruor
1121 2259 1344 2307 fumabat
1380 2259 1446 2306 ad
1481 2272 1601 2305 aras.

221 2349 275 2388 ut
311 2342 467 2389 celsas
504 2340 672 2389 videre
708 2349 836 2389 rates
872 2349 1023 2403 atque
1059 2340 1187 2389 inter
1223 2357 1438 2403 opacum

220 2421 387 2470 adlabi
423 2439 600 2470 nemus
637 2431 686 2470 et
723 2422 883 2471 tacitis
920 2422 1210 2470 incumbere
1248 2420 1407 2480 remis,

220 2512 460 2552 terrentur
495 2503 603 2552 visu
640 2503 806 2553 subito
844 2503 1111 2567 cunctique
1147 2502 1327 2552 relictis

221 2594 525 2647 consurgunt
561 2585 758 2633 mensis.
833 2587 997 2635 audax
1034 2602 1159 2647 quos
1197 2600 1425 2647 rumpere
1462 2583 1622 2631 Pallas
1821 2599 1902 2628 110

220 2682 358 2714 sacra
393 2676 525 2715 vetat
560 2675 801 2729 raptoque
837 2669 970 2715 volat
1006 2668 1106 2715 telo
1143 2666 1318 2715 obvius
1355 2665 1474 2728 ipse,

275 2798 412 2847 82—92
432 2796 626 2845 FMPR3
657 2799 796 2847 93—98
816 2796 1046 2845 FMPRV;
1076 2809 1239 2846 99-111
1264 2795 1444 2834 MPRV
1600 2806 1656 2842 90
1685 2791 1897 2843 celerant]

221 2857 434 2901 peragunt
447 2851 536 2903 137²
549 2851 784 2891 Macrobius
797 2852 962 2890 Nonius
1075 2853 1273 2890 Rumone
1288 2849 1368 2900 Ml,
1387 2850 1434 2900 cf.
1452 2847 1568 2888 Serv.
1584 2862 1593 2893 ;
1614 2847 1722 2886 idem
1734 2845 1900 2885 Nonius

215 2912 260 2956 p.
285 2907 365 2954 385
392 2907 533 2958 legisse
559 2907 724 2946 videtur
875 2907 1130 2957 interpunxit
1156 2905 1324 2957 Heyne:
1355 2905 1480 2955 vulgo
1509 2903 1698 2942 celerant
1727 2913 1898 2941 rumore

222 2962 410 2999 secundo
441 2961 628 3013 iungunt
801 2974 854 3010 92
886 2962 1094 2999 mirantur
1123 2958 1203 3009 F71
1385 2960 1463 2998 108
1493 2956 1635 2997 tacitis
1668 2955 1747 3007 ’βε2
1778 2955 1897 2996 Serv.

220 3013 428 3053 deteriores
444 3016 623 3067 plerique
641 3016 813 3055 Ribbeck
829 3029 836 3053 :
868 3016 1022 3054 tacitos
1042 3012 1281 3065 MPR7¹bc¹
