2014 3372
209 150 262 198 Ρ.
303 150 602 199 VERGILI
641 150 965 200 MARONIS

207 293 367 354 largus
404 309 557 355 opum
595 302 644 341 et
678 292 846 355 lingua
881 291 1067 352 melior,
1109 293 1197 341 sed
1234 291 1408 356 frigida
1442 293 1577 343 bello

206 374 418 432 dextera,
460 372 676 422 consiliis
712 372 910 421 habitus
945 390 1049 422 non
1084 373 1256 422 futtilis
1292 383 1475 434 auctor,

205 454 450 505 seditione
486 464 665 519 potens
703 454 878 520 (genus
915 454 1031 504 huic
1067 465 1290 505 materna
1325 457 1594 520 superbum
1801 476 1881 518 340

203 535 436 585 nobilitas
474 537 638 596 dabat,
678 535 921 585 incertum
958 538 1022 586 de
1058 545 1195 600 patre
1230 536 1453 602 ferebat),

203 616 355 680 surgit
392 626 440 666 et
476 617 553 666 his
590 627 761 667 onerat
797 616 943 666 dictis
979 626 1128 681 atque
1164 627 1359 682 aggerat
1395 618 1518 668 iras:

208 704 336 748 ‘rem
373 699 497 748 nulli
533 700 796 749 obscuram
833 708 1030 749 nostrae
1065 717 1159 749 nec
1194 699 1330 749 vocis
1367 709 1594 764 egentem

202 780 432 840 consulis,
473 798 504 830 o
539 781 673 830 bone
709 797 820 830 rex:
870 780 1038 829 cuncti
1074 797 1127 830 se
1164 780 1287 829 scire
1322 782 1536 830 fatentur

202 861 324 924 quid
360 864 558 911 fortuna
593 863 714 910 ferat
749 861 936 925 populi,
977 862 1066 910 sed
1102 860 1267 911 dicere
1303 870 1539 910 mussant.
1801 880 1877 924 345

201 945 286 992 det
322 943 600 992 libertatem
636 943 773 992 fandi
809 945 1054 1006 flatusque
1090 941 1318 1002 remittat,

201 1025 340 1074 cuius
378 1026 444 1075 ob
480 1025 758 1088 auspicium
795 1025 1064 1074 infaustum
1103 1041 1366 1088 moresque
1404 1024 1624 1074 sinistros

202 1106 386 1172 (dicam
424 1106 672 1170 equidem,
712 1105 827 1156 licet
862 1124 998 1155 arma
1033 1106 1156 1154 mihi
1193 1115 1507 1169 mortemque
1543 1104 1778 1172 minetur)

199 1187 387 1236 lumina
424 1196 497 1237 tot
532 1186 772 1237 cecidisse
808 1189 994 1236 ducum
1033 1196 1290 1251 totamque
1326 1187 1553 1236 videmus

200 1268 486 1317 consedisse
522 1269 698 1317 urbem
734 1270 883 1328 luctu,
925 1270 1046 1318 dum
1083 1268 1233 1318 Troia
1269 1277 1479 1332 temptat
1796 1287 1876 1328 350

200 1358 357 1398 castra
392 1351 536 1414 fugae
571 1351 732 1398 fidens
769 1359 818 1399 et
854 1352 1046 1400 caelum
1083 1350 1269 1399 territat
1304 1349 1465 1399 armis.

199 1449 354 1480 unum
393 1431 541 1480 etiam
578 1431 723 1481 donis
760 1431 877 1491 istis,
919 1449 1046 1496 quae
1082 1432 1293 1495 plurima
1329 1431 1458 1480 mitti

202 1512 502 1562 Dardanidis
539 1512 738 1576 dicique
774 1513 928 1573 iubes,
968 1531 1138 1574 unum,
1179 1513 1366 1577 optime
1403 1531 1585 1578 regum,

198 1594 396 1654 adicias,
437 1611 530 1643 nec
567 1604 615 1644 te
652 1595 798 1644 ullius
834 1595 1069 1644 violentia
1105 1595 1269 1644 vincat

199 1676 320 1739 quin
357 1687 524 1727 natam
561 1678 756 1742 egregio
792 1696 974 1742 genero
1011 1678 1273 1743 dignisque
1310 1679 1597 1743 hymenaeis
1795 1699 1872 1740 355

199 1761 300 1818 des,
340 1769 491 1822 pater,
533 1770 581 1810 et
617 1778 793 1825 pacem
830 1763 959 1810 hanc
996 1771 1198 1811 aeterno
1237 1764 1437 1812 foedere
1474 1764 1650 1812 firmes.

199 1844 335 1904 quod
373 1842 411 1891 si
449 1851 614 1891 tantus
651 1844 802 1892 habet
838 1853 1030 1893 mentes
1068 1854 1116 1893 et
1153 1854 1355 1908 pectora
1391 1855 1554 1904 terror,

198 1922 360 1985 ipsum
398 1924 705 1973 obtestemur
740 1924 1036 1988 veniamque
1074 1943 1270 1975 oremus
1307 1928 1370 1976 ab
1408 1926 1549 1990 ipso:

113 2030 117 2035 <
199 2006 355 2064 cedat,
396 2004 471 2054 ius
508 2005 762 2070 proprium
799 2006 899 2070 regi
935 2007 1222 2071 patriaeque
1259 2008 1486 2058 remittat.

199 2086 319 2149 quid
357 2086 561 2137 miseros
599 2088 780 2137 totiens
817 2089 868 2136 in
903 2099 1072 2154 aperta
1109 2089 1327 2153 pericula
1363 2089 1482 2138 civis
1794 2095 1875 2147 360

198 2167 390 2231 proicis,
431 2186 462 2218 o
499 2169 644 2219 Latio
681 2179 829 2234 caput
866 2174 1045 2221 horum
1083 2181 1132 2221 et
1169 2189 1318 2220 causa
1353 2172 1637 2220 malorum?

197 2251 333 2297 nulla
370 2251 499 2298 salus
536 2251 683 2311 bello,
711 2269 898 2315 *pacem
936 2261 984 2301 te
1022 2252 1273 2316 poscimus
1310 2269 1497 2311 omnes,

198 2333 379 2390 Turne,
421 2331 565 2380 simul
602 2333 738 2397 pacis
777 2336 937 2383 solum
974 2333 1259 2382 inviolabile
1295 2333 1485 2396 pignus.

198 2411 383 2475 primus
421 2430 526 2476 ego,
566 2414 779 2463 invisum
817 2431 967 2478 quem
1004 2423 1058 2462 tu
1095 2413 1184 2463 tibi
1220 2413 1363 2476 fingis
1401 2413 1471 2478 (et
1506 2430 1613 2462 esse

197 2493 266 2541 nil
304 2495 504 2560 moror),
544 2514 607 2546 en
644 2499 851 2561 supplex
887 2496 1046 2546 venio.
1122 2495 1351 2545 miserere
1387 2503 1598 2555 tuorum,
1793 2502 1871 2555 365

198 2593 330 2639 pone
365 2578 559 2627 animos
597 2588 645 2628 et
681 2581 852 2642 pulsus
888 2578 982 2627 abi.
1058 2586 1132 2626 sat
1167 2579 1340 2626 funera
1375 2576 1470 2625 fusi

198 2657 412 2708 vidimus
450 2660 662 2726 ingentis
700 2668 749 2709 et
785 2658 1119 2709 desolavimus
1155 2676 1309 2722 agros.

198 2749 296 2799 aut,
337 2741 375 2789 si
412 2743 543 2791 fama
579 2750 758 2802 movet,
800 2741 839 2789 si
876 2750 1068 2789 tantum
1105 2749 1305 2804 pectore
1341 2740 1490 2789 robur

254 2872 445 2921 338-368
465 2870 597 2909 MPR
774 2872 854 2920 338
882 2870 1052 2920 linguae
1072 2869 1127 2908 P¹
1150 2868 1206 2909 D.
1233 2869 1350 2909 Serv.
1375 2868 1544 2907 Ribbeck
1651 2879 1727 2916 341
1760 2865 1869 2906 fere-

199 2926 300 2965 bant
320 2925 453 2965 PssRc¹
584 2936 664 2976 345
695 2931 812 2975 petat
833 2926 886 2964 M
889 2925 1046 2976 ¹7²cmrr
1175 2927 1257 2975 356
1286 2923 1450 2975 firmes]
1471 2924 1623 2972 iungas
1643 2921 1697 2960 M
1699 2920 1871 2971 1Ργόιηι2

199 2983 281 3030 366
310 2981 459 3020 funere
479 2978 583 3030 P²71
724 2980 818 3019 fuso
839 2980 924 3032 Ρ·γ1
944 2994 953 3020 :
984 2979 1089 3019 fusis
1111 2977 1165 3016 M
1317 2981 1396 3028 367
1428 2975 1740 3027 designavimus
1755 2974 1842 3028 Ργῑ
1863 3008 1866 3029 3
