2034 3366
1310 167 1732 217 GEORGICON
1770 167 1828 216 ΙΙ

156 310 349 374 saepius
385 311 450 358 ad
487 308 648 373 capita
683 317 732 357 et
767 309 918 357 duros
954 307 1134 357 iactare
1170 307 1401 367 bidentis,
1749 328 1796 368 35
1804 331 1825 370 5

153 401 239 440 aut
274 408 443 455 presso
479 407 704 440 exercere
739 392 901 439 solum
937 391 1031 440 sub
1068 407 1266 439 vomere
1302 399 1351 439 et
1386 389 1494 454 ipsa

154 474 351 521 flectere
387 471 615 520 luctantis
652 471 779 520 inter
814 471 978 520 vineta
1013 471 1248 520 iuvencos
1265 490 1279 532 3
1351 516 1355 519 .

154 563 260 601 tum
297 553 414 601 levis
452 555 667 601 calamos
704 562 753 601 et
788 570 927 601 rasae
962 552 1155 601 hastilia
1190 553 1357 616 virgae'

154 633 492 697 fraxineasque
527 644 695 697 aptare
732 636 880 683 sudes
916 636 1176 697 furcasque
1212 633 1432 695 valentis,

154 715 336 764 viribus
374 715 493 763 eniti
529 732 738 778 quarum
774 724 823 764 et
859 725 1177 764 contemnere
1213 725 1387 765 ventos
1748 725 1828 776 360

153 798 451 845 adsuescant
487 813 808 859 summasque
845 796 986 859 sequi
1022 797 1241 845 tabulata
1276 814 1364 859 per
1397 799 1573 846 ulmos.

221 881 297 926 Ac
333 879 453 926 dum
489 877 646 940 prima
682 878 822 926 novis
858 877 1097 926 adolescit
1133 878 1391 927 frondibus
1426 888 1575 939 aetas,

152 956 458 1023 parcendum
494 959 686 1019 teneris,
726 969 776 1008 et
811 961 933 1008 dum
968 976 1022 1008 se
1057 961 1213 1008 laetus
1248 961 1314 1008 ad
1348 976 1491 1008 auras

153 1042 341 1103 palmes
376 1040 475 1103 agit
510 1041 629 1088 laxis
665 1057 752 1103 per
786 1058 965 1104 purum
999 1040 1249 1089 immissus
1285 1041 1506 1100 habenis,

154 1121 260 1185 ipsa
294 1121 399 1170 acie
435 1123 661 1170 nondum
697 1121 833 1171 falcis
871 1124 1172 1186 temptanda,
1213 1123 1302 1171 sed
1338 1122 1478 1171 uncis
1749 1130 1827 1184 365

155 1205 432 1267 carpendae
469 1204 696 1252 manibus
733 1206 934 1254 frondes
970 1204 1195 1268 interque
1231 1206 1484 1267 legendae.

154 1284 272 1333 inde
308 1284 393 1333 ubi
429 1284 527 1332 iam
564 1285 736 1334 validis
772 1288 1027 1349 amplexae
1063 1285 1295 1348 stirpibus
1332 1288 1493 1335 ulmos

154 1364 371 1425 exierint,
411 1375 517 1414 tum
553 1365 735 1428 stringe
771 1383 954 1425 comas,
993 1376 1100 1414 tum
1138 1366 1367 1415 bracchia
1402 1369 1556 1417 tonde

156 1445 290 1511 (ante
325 1446 645 1496 reformidant
681 1447 897 1512 ferrum),
937 1458 1044 1497 tum
1080 1448 1297 1512 denique
1333 1450 1456 1498 dura

155 1531 326 1577 eXerce
361 1527 566 1591 imperia
602 1538 651 1578 et
686 1546 848 1578 ramos
885 1546 1150 1593 compesce
1186 1530 1396 1579 fluentis.
1748 1551 1827 1593 370

221 1611 489 1658 Texendae
525 1626 697 1673 saepes
733 1610 883 1659 etiam
918 1620 967 1659 et
994 1614 1155 1674 'pecus
1191 1627 1341 1659 omne
1378 1613 1666 1672 tenendum,

154 1689 416 1753 praecipue
452 1692 573 1739 dum
610 1693 743 1740 frons
780 1700 948 1740 tenera
982 1691 1371 1755 imprudensque
1407 1693 1633 1742 laborum
1650 1711 1666 1754 5

154 1771 234 1819 cui
270 1788 416 1834 super
450 1772 677 1836 indignas
714 1772 902 1822 hiemes
939 1775 1196 1837 solemque
1231 1783 1488 1836 potentem

154 1851 396 1901 silvestres
433 1853 506 1902 uri
541 1854 750 1903 adsidue
785 1871 1091 1918 capreaeque
1126 1871 1363 1918 sequaces

154 1933 398 1994 inludunt,
437 1944 706 1998 pascuntur
742 1952 858 1984 oves
894 1936 1168 1999 avidaeque
1204 1936 1454 1985 iuvencae.
1747 1956 1825 1998 375

154 2015 329 2078 frigora
365 2032 456 2064 nec
492 2025 686 2064 tantum
722 2033 847 2065 cana
882 2027 1114 2066 concreta
1149 2017 1323 2080 pruina

153 2105 238 2162 aut
272 2096 428 2158 gravis
465 2097 759 2145 incumbens
796 2097 1011 2160 scopulis
1046 2099 1297 2147 arentibus
1332 2108 1492 2148 aestas

156 2186 397 2239 quantum
433 2177 502 2225 illi
540 2194 754 2226 nocuere
789 2194 958 2240 greges
995 2179 1205 2241 durique
1239 2196 1489 2228 venenum

154 2257 317 2306 dentis
354 2267 402 2306 et
438 2261 672 2308 admorsu
710 2259 900 2323 signata
935 2259 986 2307 in
1023 2259 1171 2322 stirpe
1207 2259 1415 2308 cicatrix.

155 2354 257 2386 non
293 2338 439 2387 aliam
476 2340 542 2388 ob
579 2341 778 2403 culpam
818 2342 1019 2389 Baccho
1056 2357 1202 2403 caper
1238 2340 1471 2390 omnibus
1507 2341 1601 2391 aris
1748 2353 1827 2402 380

156 2418 376 2467 caeditur
412 2429 460 2468 et
495 2430 683 2469 veteres
720 2420 893 2470 ineunt
929 2421 1219 2484 proscaenia
1254 2422 1371 2481 ludi,

154 2500 471 2565 praemiaque
507 2502 716 2564 ingeniis
751 2519 905 2566 pagos
942 2512 991 2551 et
1027 2502 1245 2566 compita
1281 2503 1465 2551 circum

210 2642 401 2680 355-379
421 2631 614 2682 MPRV;
655 2634 846 2683 380-382
873 2634 1004 2672 MPR
1259 2646 1341 2684 359
1360 2633 1560 2684 valentis]
1583 2635 1769 2674 bicornis
1794 2634 1834 2672 V

155 2687 237 2733 362
267 2691 406 2724 aestas
427 2686 469 2724 P
629 2689 709 2736 365
738 2688 852 2727 acies
883 2687 1003 2738 M2P,
1040 2693 1262 2739 utrumque
1291 2693 1525 2739 agnoscunt
1550 2689 1663 2728 Serv.
1704 2690 1823 2727 schol.

156 2739 280 2778 Rern.
468 2742 546 2789 367
577 2742 795 2793 stirpibus]
819 2743 976 2781 viribus
1004 2743 1053 2781 M
1060 2744 1074 2764 ²
1252 2756 1333 2792 370
1363 2743 1551 2794 fluentis]
1587 2743 1766 2781 valentis
1786 2743 1829 2781 R

156 2805 232 2841 371
267 2799 310 2832 et
329 2807 410 2832 om.
434 2794 486 2832 Μ
491 2794 526 2833 ¹c
536 2795 700 2834 Nonius
823 2797 1027 2835 tuendum
1053 2796 1129 2834 VR
1279 2810 1359 2846 374
1390 2810 1544 2846 caprae
1564 2796 1617 2835 M
1747 2810 1828 2847 379

156 2848 354 2887 admorsu
377 2848 453 2886 Rb¹
474 2862 482 2886 :
523 2851 764 2898 admorsum
785 2851 848 2890 P:
884 2863 1054 2890 amorsu
1080 2850 1148 2888 M²
1169 2866 1178 2890 :
1208 2864 1377 2890 amorso
1397 2852 1451 2889 M
1457 2853 1467 2873 ¹
1486 2865 1494 2889 ε
1526 2852 1722 2890 admorso
1742 2850 1829 2900 7b²c

156 2900 274 2942 Serv.
314 2902 434 2941 schol.
479 2903 600 2942 Bem.
631 2903 795 2942 editores
830 2905 1032 2956 plerique:
1067 2906 1120 2943 ad
1153 2917 1341 2943 morsum
1369 2905 1540 2943 Ribbeck
1746 2906 1827 2954 382

157 2955 341 3004 ingeniis
363 2956 404 2994 R
425 2957 542 2996 schol.
569 2957 692 2996 Bern.
726 2961 911 3008 agnosa't
936 2959 1252 3010 Philargyrius:
1282 2961 1470 3010 ingentis
1498 2958 1639 3010 MP7b
1665 2959 1829 2998 Nonius

158 3009 293 3048 Acro:
336 3011 534 3060 ingentes
555 3025 576 3050 c
590 3010 878 3063 Philargyrius
896 3012 1082 3052 Probus:
1127 3014 1170 3051 in
1192 3019 1344 3062 gentes
1364 3013 1533 3052 Ribbeck
