2020 3372
252 138 304 185 P.
345 137 644 186 VERGILI
684 137 1009 186 MARONIS

251 276 371 326 hinc
408 278 617 327 bellator
653 294 811 341 equus
849 294 1029 341 campo
1065 294 1173 327 sese
1208 280 1392 328 arduus
1426 276 1589 340 infert,
1808 274 1812 278 ’
1846 295 1924 343 145

250 359 369 408 hinc
405 359 519 420 albi,
563 359 831 420 Clitumne,
871 377 1041 424 greges
1078 369 1127 409 et
1163 360 1377 410 maxima
1412 370 1581 411 taurus
1735 369 1739 372 ’

251 441 465 501 victima,
506 458 653 505 saepe
690 450 777 490 tuo
814 441 997 505 perfusi
1034 442 1239 492 flumine
1276 459 1429 503 sacro,

251 524 510 572 Romanos
546 524 612 571 ad
649 524 835 586 templa
871 524 1023 572 deum
1060 525 1243 573 duxere
1281 523 1569 588 triumphos.

249 603 331 652 hic
367 621 451 652 ver
485 603 753 653 adsiduum
789 613 939 667 atque
974 604 1147 653 alienis
1185 604 1440 654 mensibus
1476 614 1670 655 aestas:

250 684 326 734 bis
363 684 593 748 gravidae
628 686 863 748 pecudes,
903 685 979 734 bis
1016 685 1178 748 pomis
1215 685 1348 734 utilis
1383 686 1543 735 arbos.
1847 706 1926 750 150

246 776 296 815 at
332 767 534 816 rabidae
571 767 718 830 tigres
755 768 937 816 absunt
973 777 1022 816 et
1058 784 1204 816 saeva
1239 770 1442 817 leonum

247 849 451 909 semina,
491 866 585 898 nec
622 849 828 898 miseros
864 851 1040 898 fallunt
1076 850 1274 900 aconita
1310 849 1531 914 legentis,

245 947 339 979 nec
375 929 501 992 rapit
536 929 808 979 immensos
846 930 978 979 orbis
1015 948 1101 994 per
1137 933 1347 980 humum
1385 948 1548 994 neque
1585 941 1725 981 tanto

245 1028 511 1075 squameus
548 1011 600 1059 in
638 1012 820 1074 spiram
858 1021 1015 1061 tractu
1053 1029 1106 1061 se
1143 1012 1328 1076 colligit
1367 1013 1554 1076 anguis.

244 1094 376 1142 adde
413 1102 486 1141 tot
524 1092 741 1156 egregias
779 1093 926 1142 urbes
964 1110 1272 1157 operumque
1311 1094 1547 1154 laborem,
1844 1115 1918 1157 155

243 1183 319 1223 tot
355 1183 592 1237 congesta
628 1191 780 1222 manu
816 1174 1089 1237 praeruptis
1127 1175 1314 1238 oppida
1351 1175 1477 1224 saxis

243 1255 550 1319 fluminaque
586 1255 819 1318 antiquos
856 1256 1244 1305 subterlabentia
1281 1274 1461 1306 muros.

242 1355 306 1386 an
343 1353 477 1385 mare
514 1338 651 1400 quod
689 1354 836 1400 supra
872 1354 1159 1397 memorem,
1200 1341 1438 1402 quodque
1473 1338 1631 1388 adluit
1666 1338 1831 1389 infra?

241 1434 371 1466 anne
407 1420 543 1466 lacus
580 1420 785 1466 tantos?
832 1426 894 1477 te,
934 1417 1047 1466 Lari
1083 1418 1310 1479 maxime,
1349 1429 1511 1482 teque,

240 1499 473 1547 fluctibus
510 1508 559 1547 et
593 1498 791 1547 fremitu
826 1500 1097 1562 adsurgens
1135 1502 1333 1548 Benace
1369 1500 1600 1550 marino?
1842 1510 1920 1551 160

239 1598 304 1629 an
341 1597 616 1629 memorem
653 1589 824 1643 portus
863 1580 1180 1644 Lucrinoque
1216 1581 1388 1630 addita
1423 1584 1634 1631 claustra

239 1672 390 1725 atque
425 1661 738 1725 indignatum
776 1661 967 1725 magnis
1003 1661 1295 1711 stridoribus
1331 1680 1530 1726 aequor,

242 1744 371 1793 Iulia
407 1761 505 1807 qua
540 1754 698 1807 ponto
735 1746 882 1807 longe
919 1754 1063 1793 sonat
1100 1747 1235 1794 unda
1271 1747 1435 1794 refuso

239 1831 625 1893 Tyrrhenusque
661 1829 795 1878 fretis
832 1828 1112 1877 immittitur
1148 1838 1311 1878 aestus
1349 1828 1599 1878 Avernis?

239 1913 363 1960 haec
400 1913 577 1960 eadem
613 1910 802 1974 argenti
839 1910 968 1960 rivos
1004 1910 1230 1974 aerisque
1267 1913 1466 1960 metalla
1838 1920 1912 1973 165

236 1993 456 2042 'ostendit
492 1992 630 2042 venis
666 2002 817 2056 atque
852 2009 973 2042 auro
1009 1992 1221 2055 plurima
1257 1993 1407 2042 fluxit.

237 2076 361 2124 haec
397 2093 553 2139 genus
590 2093 702 2124 acre
738 2076 911 2136 virum,
954 2078 1148 2124 Marsos
1186 2077 1474 2140 pubemque
1511 2077 1760 2126 Sabellam

235 2159 601 2221 adsuetumque
638 2160 771 2206 malo
809 2157 1041 2220 Ligurem
1077 2159 1391 2221 Volscosque
1426 2167 1624 2207 verutos

235 2238 421 2299 extulit,
461 2241 585 2288 haec
624 2239 809 2288 Decios
848 2239 1035 2288 Marios
1074 2256 1381 2303 magnosque
1418 2240 1672 2300 Camillos,

236 2322 491 2386 Scipiadas
529 2325 679 2372 duros
717 2324 849 2373 bello
886 2333 935 2372 et
972 2333 1034 2384 te,
1074 2323 1288 2372 maxime
1326 2325 1520 2385 Caesar,
1836 2343 1912 2386 170

233 2404 320 2468 qui
357 2422 491 2454 nunc
528 2405 756 2454 extremis
792 2405 942 2454 Asiae
977 2405 1076 2454 iam
1112 2405 1269 2455 victor
1303 2406 1355 2454 in
1391 2406 1488 2455 oris

233 2485 487 2534 imbellem
523 2486 700 2535 avertis
739 2486 981 2535 Romanis
1018 2487 1213 2535 arcibus
1254 2489 1451 2536 Indum.

233 2568 379 2626 salve,
419 2584 598 2630 magna
634 2585 810 2631 parens
847 2570 1056 2632 frugum,
1099 2568 1326 2618 Saturnia
1362 2571 1519 2628 tellus,

233 2665 412 2711 magna
446 2649 635 2698 virum:
673 2650 763 2698 tibi
800 2667 875 2699 res
913 2650 1147 2714 antiquae
1184 2651 1344 2700 laudis
1381 2660 1430 2699 et
1465 2650 1580 2699 artis

232 2728 479 2791 ingredior
515 2739 713 2780 sanctos
750 2748 899 2780 ausus
938 2733 1190 2780 recludere
1227 2731 1390 2791 fontis,
1830 2749 1904 2792 175

232 2812 604 2875 Ascraeumque
642 2829 769 2861 cano
808 2815 1039 2862 Romana
1075 2830 1162 2876 per
1198 2812 1384 2876 oppida
1420 2830 1631 2862 carmen.

289 2943 478 2990 145-176
507 2940 600 2980 MP
748 2943 825 2991 169
856 2942 1100 2992 Deciosque
1123 2955 1262 2982 mares
1282 2943 1549 2993 Peerlkamp:
1577 2941 1734 2980 Decios
1747 2940 1904 2990 Fabios

230 2993 441 3046 Hdberlin,
466 2996 513 3045 cf.
536 2995 645 3035 Aen.
668 2996 721 3035 vi.
746 2998 934 3046 824—845
959 2997 1086 3036 Culex
1104 2999 1180 3046 361
1366 3009 1441 3045 174
1470 3003 1604 3035 artem
1623 2996 1666 3035 P
1683 2995 1852 3035 Ribbeck
1892 3029 1896 3034 .
