2014 3372
1359 157 1506 205 AEN
1511 157 1721 208 EIDOS
1760 158 1835 210 IV

148 285 448 336 Ascanione
483 296 621 352 pater
657 290 911 338 Romanas
947 289 1136 340 invidet
1170 295 1343 342 arces?

163 366 284 429 quid
319 367 496 417 struit?
528 378 614 417 aut
649 386 747 433 qua
782 387 870 434 spe
905 370 1105 421 inimica
1140 372 1191 421 in
1225 383 1372 436 gente
1408 385 1625 425 moratur
1753 397 1830 438 235

162 463 255 495 nec
290 450 479 511 prolem
514 450 790 499 Ausoniam
826 461 875 500 et
912 452 1117 502 Lavinia
1152 454 1349 518 respicit
1382 459 1534 506 arva?

163 527 387 591 naviget!
425 531 548 579 haec
584 547 778 581 summa
813 541 899 593 est,
939 533 1020 583 hic
1057 535 1210 583 nostri
1246 536 1448 586 nuntius
1485 540 1621 588 esto!

230 608 443 659 Dixerat.
516 611 598 661 ille
632 612 781 676 patris
818 614 983 678 magni
1018 632 1187 678 parere
1222 618 1426 680 parabat

160 689 399 753 imperio:
437 701 486 741 et
521 693 734 756 primum
770 695 982 758 pedibus
1020 697 1187 746 talaria
1222 699 1376 749 nectit

159 787 317 832 aurea,
358 789 485 836 quae
521 775 783 824 sublimem
819 776 908 826 alis
945 777 1047 827 sive
1081 795 1299 842 aequora
1335 798 1483 845 supra
1754 803 1833 844 240

160 869 247 901 seu
283 862 459 903 terram
496 855 668 919 rapido
705 858 885 921 pariter
921 877 1036 909 cum
1073 862 1275 912 fiamine
1311 873 1520 927 portant.

160 942 265 982 tum
300 934 483 999 virgam
520 937 682 1001 capit:
721 941 813 989 hac
849 941 1038 990 animas
1076 942 1157 992 ille
1193 954 1366 993 evocat
1404 947 1536 995 Orco

158 1015 396 1078 pallentis,
436 1017 555 1066 alias
593 1021 685 1069 sub
722 1023 925 1072 Tartara
963 1023 1117 1072 tristia
1153 1024 1315 1086 mittit,

159 1096 243 1144 dat
279 1113 480 1147 somnos
515 1099 801 1166 adimitque,
841 1113 890 1153 et
925 1105 1114 1154 lumina
1150 1116 1307 1157 morte
1343 1107 1567 1172 resignat.

158 1172 240 1221 illa
274 1176 423 1224 fretus
459 1177 558 1239 agit
594 1189 767 1229 ventos
804 1190 853 1230 et
889 1182 1087 1232 turbida
1123 1193 1283 1233 tranat
1751 1208 1828 1249 245

158 1254 339 1303 nubila.
413 1256 611 1322 iamque
647 1263 817 1309 volans
853 1262 1046 1325 apicem
1083 1273 1131 1313 et
1166 1267 1317 1314 latera
1351 1268 1505 1316 ardua
1540 1267 1696 1318 cernit

158 1336 370 1385 Atlantis
407 1338 517 1386 duri
552 1342 744 1389 caelum
781 1342 866 1405 qui
901 1344 1082 1394 vertice
1117 1345 1267 1406 fulcit,

158 1417 383 1478 Atlantis,
424 1408 641 1469 cinctum
676 1422 885 1473 adsidue
921 1425 1002 1474 cui
1038 1426 1255 1476 nubibus
1291 1428 1407 1477 atris

157 1497 419 1567 piniferum
455 1512 603 1565 caput
639 1512 687 1552 et
722 1514 871 1554 vento
906 1508 1128 1569 pulsatur
1163 1518 1212 1557 et
1247 1508 1404 1569 imbri,

158 1580 240 1628 nix
276 1599 470 1631 umeros
508 1583 668 1633 infusa
705 1586 836 1649 tegit,
876 1596 981 1636 tum
1018 1588 1222 1638 flumina
1258 1600 1428 1640 mento
1750 1613 1828 1654 250

157 1662 479 1727 praecipitant
517 1665 661 1726 senis,
700 1676 748 1716 et
783 1668 939 1731 glacie
975 1669 1096 1733 riget
1133 1671 1330 1720 horrida
1366 1672 1531 1722 barba.

157 1744 236 1793 hic
272 1745 486 1808 primum
523 1748 722 1811 paribus
758 1749 920 1799 nitens
959 1751 1209 1814 Cyllenius
1245 1752 1334 1801 alis

158 1827 407 1877 constitit:
445 1828 561 1878 hinc
599 1839 704 1879 toto
740 1847 976 1895 praeceps
1014 1849 1066 1881 se
1102 1850 1307 1897 corpore
1341 1836 1406 1883 ad
1443 1836 1603 1884 undas

157 1909 288 1958 misit
322 1910 399 1959 avi
435 1911 620 1972 similis,
660 1929 788 1976 quae
823 1913 1009 1963 circum
1045 1914 1199 1975 litora,
1238 1915 1423 1965 circum

156 1990 376 2052 piscosos
413 1995 644 2057 scopulos
683 1994 882 2043 humilis
918 1998 1050 2044 volat
1085 2013 1301 2060 aequora
1336 1997 1480 2046 iuxta.
1747 2019 1824 2059 255

157 2071 291 2120 haud
326 2073 464 2122 aliter
500 2084 648 2123 terras
685 2075 812 2124 inter
847 2078 1140 2139 caelumque
1175 2079 1372 2126 volabat

156 2152 269 2202 litus
306 2156 603 2204 harenosum
640 2158 705 2205 ad
745 2156 942 2219 Libyae,
983 2167 1256 2221 ventosque
1292 2159 1492 2208 secabat

157 2243 378 2284 materno
414 2237 616 2286 veniens
651 2239 715 2286 ab
751 2255 844 2287 avo
883 2238 1106 2301 Cyllenia
1140 2241 1315 2302 proles.

157 2324 210 2363 ut
245 2315 457 2379 primum
492 2318 632 2367 alatis
669 2319 826 2382 tetigit
863 2319 1071 2382 magalia
1106 2319 1298 2382 plantis,

156 2398 362 2446 Aenean
398 2400 688 2449 fundantem
725 2417 861 2449 arces
899 2417 958 2449 ac
994 2409 1124 2450 tecta
1159 2409 1425 2450 novantem
1746 2410 1825 2451 260

156 2472 422 2541 conspicit(
482 2489 631 2543 atque
667 2481 736 2529 illi
773 2484 992 2531 stellatus
1030 2482 1220 2545 iaspide
1255 2484 1388 2531 fulva

155 2558 285 2607 ensis
322 2569 423 2608 erat
458 2561 709 2625 Tyrioque
743 2563 950 2612 ardebat
988 2563 1174 2613 murice
1209 2565 1351 2612 laena

154 2639 370 2689 demissa
406 2658 465 2690 ex
500 2643 693 2703 umeriS,
736 2644 873 2693 dives
911 2661 1039 2707 quae
1076 2662 1281 2693 munera
1318 2644 1454 2693 Dido

154 2721 348 2780 fecerat,
388 2731 435 2770 et
471 2723 607 2771 tenui
643 2726 763 2773 telas
800 2725 1095 2774 discreverat
1130 2743 1263 2775 auro.

209 2840 398 2878 234—257
418 2828 565 2875 FMP;
597 2832 786 2881 258-264
808 2830 900 2869 MP
1107 2835 1188 2881 236
1217 2833 1300 2871 eicit
1318 2832 1488 2871 Rz'bbeck
1616 2844 1694 2881 241
1727 2841 1821 2882 por*—

154 2887 246 2921 tent
267 2881 321 2920 M
322 2882 334 2904 ²
446 2895 527 2933 243
556 2884 700 2936 mittit]
726 2885 840 2924 ducit
859 2885 917 2924 Pl
1029 2897 1108 2935 245
1129 2892 1258 2925 vento
1279 2899 1326 2926 se
1346 2886 1519 2926 sz'eala
1630 2887 1820 2936 256-258

154 2941 255 2976 sunt
272 2937 346 2987 qui
359 2937 434 2976 hos
452 2951 592 2977 versus
611 2938 823 2978 damnant
978 2942 1060 2989 256
1088 2940 1274 2991 volabat]
1297 2940 1468 2990 legebat
1487 2940 1652 2991 Bentley
1670 2941 1820 2980 omisso

156 2990 210 3030 ad
229 3003 266 3030 v.
292 3002 370 3040 257
540 3004 619 3043 257
649 2994 701 3033 ad
722 2993 827 3044 ΡῚὙ1
846 3008 856 3033 2
886 2999 929 3033 at
948 2994 1001 3033 Μ
1004 2994 1018 3046 ἓ
1040 2998 1087 3033 ut
1103 2994 1287 3035 videtur:
1316 3008 1363 3035 ac
1386 2994 1577 3035 M²abcvr2
1609 3008 1660 3035 ao
1682 2994 1737 3034 P¹

1628 3064 1702 3105 13*
