2014 3372
227 155 280 202 P.
320 155 621 203 VERGILI
660 154 986 203 MARONIS

224 295 471 344 transtulit
491 314 505 357 3
553 295 757 344 incensa
794 295 958 344 Danai
994 295 1315 345 dominantur
1350 296 1402 345 in
1439 297 1574 348 urbe.

222 378 407 425 arduus
444 386 660 426 armatos
698 377 874 427 mediis
912 377 963 425 in
1001 378 1264 427 moenibus
1301 388 1466 428 astans

223 458 387 507 fundit
424 475 580 522 equus
617 458 873 522 victorque
910 459 1067 508 Sinon
1103 459 1335 508 incendia
1371 460 1545 510 miscet

222 538 477 588 insultans.
552 539 705 603 portis
741 540 824 589 alii
860 540 1198 604 bipatentibus
1234 543 1430 601 adsunt,

223 621 358 669 milia
395 631 518 685 quot
554 621 745 685 magnis
783 639 1022 685 umquam
1060 639 1240 671 venere
1279 623 1506 686 Mycenis
1523 642 1538 685 3

221 703 464 752 obsedere
500 702 584 751 alii
622 703 729 752 telis
766 713 973 768 angusta
1007 703 1197 752 viarum

221 784 500 847 oppositis3
549 794 644 833 stat
680 785 791 834 ferri
828 785 959 834 acies
998 803 1236 834 mucrone
1274 803 1481 835 corusco

220 865 399 926 stricta,
441 876 609 929 parata
647 866 792 928 neci3
840 866 919 914 vix
955 866 1101 930 primi
1136 867 1323 931 proelia
1359 877 1603 932 temptant

220 957 475 1011 portarum
512 947 681 1011 vigiles
720 958 769 997 et
805 965 956 998 caeco
996 951 1158 998 Marte
1195 948 1458 998 resistunt.'

219 1030 399 1079 talibus
439 1031 725 1093 Othryadae
762 1030 906 1079 dictis
945 1040 994 1079 et
1030 1030 1235 1079 numine
1272 1030 1443 1080 divum

219 1111 270 1160 in
307 1114 531 1160 flammas
572 1122 620 1161 et
657 1112 708 1160 in
744 1130 881 1161 arma
916 1114 1058 1172 feror,
1099 1129 1199 1175 quo
1237 1111 1383 1160 tristis
1422 1111 1599 1174 Erinys

219 1210 321 1256 quo
357 1193 579 1242 fremitus
617 1202 761 1242 vocat
798 1203 847 1242 et
884 1194 1107 1242 sublatus
1144 1195 1210 1242 ad
1246 1194 1445 1241 aethera
1481 1195 1681 1242 clamor.

218 1277 412 1325 addunt
450 1293 502 1325 se
541 1275 702 1324 socios
744 1275 970 1339 Rhipeus
1009 1285 1058 1324 et
1095 1274 1337 1323 maximus
1374 1275 1522 1323 armis

221 1361 424 1422 Epytus,
466 1358 620 1407 oblati
658 1375 745 1423 per
782 1360 966 1418 lunam,
1009 1357 1340 1421 Hypanisque
1378 1360 1667 1420 Dymasque

218 1449 268 1488 et
304 1439 440 1488 lateri
477 1441 819 1502 adglomerant
857 1448 1040 1498 nostro,
1082 1438 1373 1501 iuvenisque
1411 1438 1670 1488 Coroebus

222 1522 722 1586 Mygdonides—illis
762 1524 827 1571 ad
865 1521 1069 1570 Troiam
1107 1523 1232 1570 forte
1269 1521 1446 1570 diebus

219 1612 420 1652 venerat
457 1603 632 1652 insano
673 1604 983 1653 Cassandrae
1022 1602 1253 1651 incensus
1291 1619 1460 1650 amore

219 1696 269 1736 et
303 1703 454 1750 gener
489 1684 726 1734 auxilium
766 1684 963 1732 Priamo
1003 1683 1379 1747 Phrygibusque
1415 1682 1618 1741 ferebat,

219 1767 388 1816 infelix
424 1767 509 1831 qui
551 1784 654 1816 non
692 1783 903 1830 sponsae
941 1774 1204 1829 praecepta
1240 1763 1443 1813 furentis

218 1849 457 1898 audierit!

219 1948 349 1994 quos
387 1930 473 1979 ubi
511 1932 759 1979 confertos
798 1930 981 1977 audere
1019 1928 1070 1976 in
1107 1928 1292 1992 proelia
1328 1927 1444 1987 vidi,

219 2012 404 2075 incipio
443 2029 590 2075 super
629 2011 735 2060 his:
790 2010 1034 2070 ‘iuvenes‚
1077 2009 1343 2058 fortissima
1379 2011 1555 2057 frustra

219 2105 432 2159 pectora,
474 2095 515 2143 si
550 2095 692 2144 vobis
728 2093 949 2143 audendi
986 2103 1204 2142 extrema
1241 2092 1425 2156 cupido

219 2187 352 2227 certa
389 2176 542 2240 sequi,
583 2193 711 2240 quae
747 2175 810 2224 sit
847 2176 994 2224 rebus
1033 2177 1231 2224 fortuna
1267 2173 1444 2224 videtis
1462 2193 1476 2235 3

221 2277 472 2309 excessere
509 2276 685 2308 omnes
723 2258 882 2321 adytis
921 2257 1117 2321 arisque
1156 2257 1335 2306 relictis

221 2341 272 2390 di
309 2340 490 2404 quibus
526 2339 791 2403 imperium
829 2341 927 2388 hoc
965 2348 1164 2388 steterat
1185 2358 1198 2400 3
1247 2337 1526 2388 succurritis
1564 2336 1675 2387 urbi

220 2424 486 2473 incensae:
536 2422 803 2472 moriamur
841 2432 890 2471 et
926 2422 977 2470 in
1016 2422 1182 2472 media
1218 2439 1355 2471 arma
1389 2437 1602 2470 ruamus.

221 2524 321 2554 una
356 2508 486 2554 salus
523 2506 664 2554 victis
703 2507 891 2554 nullam
931 2523 1124 2570 sperare
1163 2506 1403 2554 salutem.'

222 2587 292 2636 sic
327 2587 504 2636 animis
541 2587 778 2636 iuvenum
816 2590 949 2637 furor
985 2587 1199 2637 additus.
1274 2586 1406 2645 inde,
1446 2583 1550 2647 lupi
1586 2599 1679 2632 ceu

222 2680 439 2734 raptores
476 2680 580 2718 atra
618 2670 668 2718 in
706 2671 903 2730 nebula,
945 2687 1071 2733 quos
1110 2669 1338 2733 improba
1374 2666 1556 2717 ventris

1823 563 1903 604 330

1820 970 1900 1012 335

1820 1378 1902 1418 340

1824 1754 1907 1837 345ss

1821 2193 1901 2235 350

1818 2601 1898 2642 355

278 2803 470 2851 327-356
492 2800 583 2839 MP
801 2814 882 2851 332
913 2800 1003 2852 alii]
1025 2801 1083 2839 illi
1104 2799 1284 2839 Kloubek
1431 2810 1512 2848 333
1543 2795 1729 2847 oppositi
1749 2791 1900 2845 7²a²bc²

226 2869 310 2895 non
330 2856 412 2907 legi
421 2860 554 2906 potest
572 2856 615 2894 P
778 2869 857 2906 347
889 2857 1042 2895 ardere
1067 2855 1301 2894 Gronovius
1483 2864 1576 2901 349,
1601 2862 1683 2900 350
1711 2849 1899 2888 audendi

223 2909 450 2961 M7¹a¹c“'rr¹
485 2915 714 2961 agnoscunt
749 2910 863 2950 Serv.
906 2911 1124 2950 Donatus:
1171 2910 1311 2949 auden
1346 2907 1388 2946 P
1403 2922 1412 2946 :
1466 2907 1693 2946 audentem
1735 2901 1902 2956 ’γ’*ὶςιῗόπ2

216 2965 393 3015 praefert
412 2965 529 3004 Serv.
551 2979 558 3003 :
591 2966 778 3004 audendi
796 2998 803 3006 .
821 2996 829 3005 .
850 2996 859 3006 .
879 2972 995 3005 certa
1015 2966 1137 3004 sedet
1158 2964 1368 3004 Baehrens
1386 2960 1576 3001 Deuticke
1593 2973 1602 2998 :
1633 2958 1843 2998 audendi.
1859 2986 1870 2997 .
1885 2986 1896 2998 .

226 3024 381 3058 certast
404 3023 478 3070 qui
499 3016 737 3060 Sabbadim'
