2014 3372
242 144 295 191 P.
336 144 635 192 VERGILI
675 143 1001 192 MARONIS

241 281 425 332 litoreis
461 282 635 346 ingens
671 282 872 330 inventa
908 282 1001 330 sub
1038 281 1232 330 ilicibus
1270 298 1352 331 sus
1719 317 1724 320 -
1843 301 1922 344 390

242 363 439 427 triginta
475 363 694 427 capitum
730 365 858 412 fetus
895 362 1039 412 enixa
1074 363 1268 423 iacebit,

240 445 365 504 alba,
407 447 514 494 solo
550 446 807 504 recubans,
846 444 947 493 albi
983 444 1169 493 circum
1206 446 1358 493 ubera
1393 444 1510 505 nati,

241 526 282 574 is
319 528 458 575 locus
495 526 629 575 urbis
667 526 770 586 erit,
809 526 1003 590 requies
1041 544 1100 575 ea
1135 535 1268 575 certa
1302 527 1542 575 laborum.

241 624 335 656 nec
372 616 425 655 tu
462 606 744 656 mensarum
782 624 974 656 morsus
1011 609 1239 656 horresce
1276 609 1495 656 futuros:

240 691 340 738 fata
375 689 506 738 viam
543 689 798 738 invenient
833 688 1091 750 aderitque
1127 692 1331 736 vocatus
1368 690 1565 751 Apollo.
1842 705 1920 749 395

241 773 330 819 has
368 779 535 819 autem
572 779 721 819 terras
760 769 973 833 Italique
1010 771 1139 817 hanc
1175 768 1329 818 litoris
1366 786 1517 828 oram,

240 851 464 915 proxima
500 869 627 914 quae
664 852 819 900 nostri
855 850 1166 915 perfunditur
1201 850 1428 913 aequoris
1465 859 1617 910 aestu,

240 935 400 996 effuge
417 953 430 994 3
467 936 647 983 cuncta
682 933 824 982 malis
866 932 1150 982 habitantur
1186 932 1385 981 moenia
1422 931 1576 981 Grais.

241 1016 322 1064 hic
359 1025 408 1064 et
445 1015 644 1077 Narycii
680 1024 952 1078 posuerunt
989 1014 1189 1063 moenia
1226 1013 1384 1073 Locri,

241 1107 289 1146 et
327 1097 625 1146 Sallentinos
662 1097 860 1146 obsedit
902 1097 1057 1146 milite
1093 1114 1297 1160 campos
1839 1098 1925 1153 400'

241 1179 443 1242 Lyctius
482 1180 786 1228 Idomeneus
803 1197 817 1239 3
859 1178 940 1227 hic
977 1178 1059 1226 illa
1095 1178 1236 1226 ducis
1276 1176 1517 1226 Meliboei

240 1278 390 1324 parva
427 1260 734 1308 Philoctetae
772 1259 982 1308 subnixa
1018 1258 1205 1308 Petelia
1241 1276 1396 1308 muro.

242 1341 363 1404 quin
399 1341 486 1390 ubi
522 1340 836 1389 transmissae
873 1340 1095 1389 steterint
1133 1350 1265 1389 trans
1302 1357 1519 1404 aequora
1554 1340 1736 1388 classes

242 1433 290 1472 et
326 1423 499 1487 positis
536 1423 629 1471 aris
666 1423 765 1471 iam
801 1432 917 1471 vota
952 1422 1003 1470 in
1041 1422 1181 1471 litore
1219 1425 1391 1482 solves,

242 1522 490 1569 purpureo
526 1506 686 1553 velare
724 1521 892 1553 comas
930 1506 1196 1567 adopertus
1233 1503 1431 1563 amictu,
1837 1517 1918 1561 405

242 1605 306 1636 ne
343 1605 442 1650 qua
477 1587 603 1636 inter
640 1596 836 1636 sanctos
873 1587 999 1651 ignis
1036 1587 1087 1634 in
1124 1589 1314 1636 honore
1351 1588 1559 1635 deorum

242 1668 433 1718 hostilis
470 1668 619 1717 facies
657 1677 879 1717 occurrat
916 1677 964 1717 et
1001 1667 1170 1717 omina
1205 1668 1380 1717 turbet.

242 1753 377 1799 hunc
414 1750 534 1799 socii
571 1768 761 1800 morem
799 1767 1062 1810 sacrorum,
1102 1751 1236 1799 hunc
1272 1749 1379 1813 ipse
1414 1757 1582 1798 teneto
1599 1766 1613 1809 3

242 1834 336 1881 hac
372 1832 494 1881 casti
531 1842 765 1881 maneant
801 1832 852 1880 in
889 1832 1124 1896 religione
1161 1842 1381 1895 nepoteS.

241 1924 316 1963 ast
353 1914 439 1963 ubi
476 1914 749 1977 digressum
788 1914 981 1963 Siculae
1018 1924 1066 1963 te
1102 1913 1377 1962 admoverit
1412 1930 1527 1961 orae
1838 1929 1926 1970 410

242 2006 433 2056 ventus,
473 2006 522 2045 et
557 1996 750 2060 angusti
786 2006 1032 2045 rarescent
1068 1998 1279 2044 claustra
1315 1994 1490 2054 Pelori,

243 2081 383 2127 laeva
418 2077 509 2126 tibi
545 2079 689 2127 tellus
726 2087 774 2127 et
810 2080 960 2140 longo
998 2080 1137 2126 laeva
1172 2086 1401 2141 petantur

241 2167 461 2222 'aequora
496 2159 702 2207 circuitu
719 2178 733 2220 3
776 2161 1002 2208 dextrum
1040 2161 1154 2221 fuge
1191 2158 1305 2206 litus
1342 2167 1390 2207 et
1426 2158 1599 2206 undas.

244 2243 367 2288 haec
404 2242 514 2289 loca
549 2240 597 2287 vi
633 2242 889 2303 quondam
927 2249 976 2288 et
1011 2249 1148 2288 vasta
1183 2240 1421 2292 convulsa
1454 2237 1596 2285 ruina

247 2322 461 2386 (tantum
498 2320 605 2369 aevi
642 2321 912 2385 longinqua
952 2322 1081 2369 valet
1117 2329 1307 2368 mutare
1342 2316 1580 2374 vetustas)
1839 2333 1921 2375 415

245 2402 516 2452 dissiluisse
551 2403 727 2461 ferunt,
767 2419 882 2450 cum
920 2401 1144 2464 protinus
1181 2410 1387 2462 utraque
1423 2400 1567 2447 tellus

246 2501 346 2531 una
380 2484 534 2531 foret:
576 2483 711 2531 venit
747 2483 915 2532 medio
952 2483 999 2531 vi
1035 2492 1218 2546 pontus
1255 2490 1303 2530 et
1339 2479 1487 2528 undis

249 2564 552 2627 Hesperium
591 2564 757 2613 Siculo
795 2567 921 2612 latus
959 2563 1185 2622 abscidit,
1223 2578 1435 2623 arvaque
1471 2569 1520 2608 et
1555 2559 1701 2608 urbes

247 2645 387 2694 litore
424 2644 652 2693 diductas
688 2655 898 2708 angusto
934 2644 1152 2693 interluit
1187 2652 1338 2692 aestu.

247 2729 474 2775 dextrum
512 2728 673 2789 Scylla
708 2729 849 2787 latus,
888 2729 1083 2775 laevum
1121 2726 1384 2789 implacata
1420 2721 1701 2785 Charybdis
1838 2741 1929 2782 4²0²

248 2807 459 2868 obsidet,
499 2818 648 2871 atque
685 2809 787 2858 imo
823 2808 1038 2857 barathri
1074 2818 1146 2857 ter
1181 2806 1368 2871 gurgite
1404 2813 1567 2853 vastos

303 2939 610 3032 39⁰—i21PAfP
799 2953 878 2991 407
908 2940 1050 2979 omnia
1070 2939 1131 2978 M¹
1290 2951 1371 2988 419
1402 2933 1546 2986 litore]
1567 2946 1754 2984 aequore
1772 2931 1930 2993 Seneca‘

249 3006 327 3042 421
354 3007 427 3032 vas
449 3008 473 3033 o
1920 3000 1928 3006 ·
