2014 3372
1368 192 1729 243 AENEIDOS
1766 194 1815 240 V

146 345 311 377 annua
345 337 460 378 vota
495 337 661 378 tamen
698 330 1050 394 sollemnisque
1087 330 1259 381 ordine
1295 347 1505 395 pompas

147 423 436 472 exsequerer
471 417 806 474 strueremque
843 411 942 459 suis
978 411 1146 460 altaria
1182 411 1339 461 donis.

147 506 280 538 nunc
316 492 442 539 ultro
477 492 542 539 ad
579 490 766 540 cineres
802 491 956 555 ipsius
991 502 1040 541 et
1076 509 1188 541 ossa
1223 492 1437 556 parentis

146 573 280 620 haud
317 571 549 635 equidem
587 572 691 622 sine
727 583 907 634 mente,
946 591 1066 634 reor,
1107 574 1211 624 sine
1247 575 1452 624 numine
1488 574 1658 626 divum

145 653 382 701 adsumus
419 662 467 701 et
502 663 672 716 portus
701 639 859 703 'delati
894 654 1131 704 intramus
1167 655 1366 705 amicos.

146 751 261 798 ergo
296 735 424 798 agite
461 745 509 784 et
545 738 728 785 laetum
764 737 931 786 cuncti
967 738 1271 787 celebremus
1307 740 1579 788 honorem:

145 833 407 879 poscamus
443 826 630 877 ventos,
670 827 820 881 atque
855 820 980 868 haec
1016 836 1096 868 me
1133 836 1268 868 sacra
1304 819 1567 883 quotannis

145 898 267 946 urbe
303 897 418 946 velit
453 898 613 962 posita
648 899 843 962 templis
880 899 973 948 sibi
1009 902 1131 949 ferre
1167 900 1354 950 dicatis.

144 977 263 1027 bina
298 980 452 1028 boum
489 979 629 1028 vobis
665 981 816 1029 Troia
849 990 1108 1045 generatus
1143 984 1350 1030 Acestes

145 1060 230 1107 dat
267 1077 473 1108 numero
510 1060 672 1122 capita
706 1060 757 1108 in
794 1061 931 1110 navis
948 1080 962 1122 3
1009 1061 1243 1111 adhibete
1279 1061 1471 1125 penatis

145 1149 193 1187 et
230 1140 411 1203 patrios
449 1141 605 1204 epulis
641 1150 691 1190 et
727 1158 852 1205 quos
889 1141 1007 1191 colit
1043 1144 1224 1205 hospes
1259 1145 1478 1192 Acestes.

144 1231 407 1284 praeterea,
448 1222 487 1270 si
523 1239 656 1271 nona
692 1223 825 1271 diem
862 1223 1151 1272 mortalibus
1186 1225 1373 1273 almum

144 1306 336 1351 Aurora
372 1303 595 1352 extulerit
630 1304 877 1367 radiisque
913 1304 1137 1353 retexerit
1173 1306 1359 1364 orbern,

144 1383 300 1446 prima
337 1383 462 1432 citae
498 1384 702 1433 Teucris
740 1401 924 1447 ponam
961 1385 1229 1434 certamina
1264 1385 1431 1434 classis
1449 1404 1462 1446 3

143 1463 328 1527 quique
364 1466 550 1528 pedum
587 1482 731 1513 cursu
767 1467 908 1525 valet,
949 1475 998 1514 et
1033 1466 1118 1529 qui
1153 1466 1336 1515 viribus
1375 1468 1538 1516 audax

142 1554 226 1593 aut
262 1545 422 1595 iaculo
459 1546 645 1595 incedit
681 1546 854 1595 melior
889 1546 1179 1610 levibusque
1214 1547 1413 1610 sagittis,

143 1642 229 1674 seu
266 1629 420 1676 crudo
457 1626 564 1677 fidit
600 1644 818 1691 pugnam
854 1627 1163 1676 committere
1199 1638 1380 1688 caestu,

141 1707 308 1756 cuncti
343 1707 507 1757 adsint
543 1708 845 1771 meritaeque
881 1718 1167 1771 exspectent
1202 1709 1419 1772 praemia
1454 1712 1660 1774 palmae.

141 1804 225 1837 ore
261 1790 420 1837 favete
456 1805 629 1837 omnes
666 1799 714 1837 et
751 1788 930 1852 cingite
966 1797 1189 1851 tempora
1225 1789 1401 1839 ramis.'

209 1869 289 1917 Sic
324 1871 451 1918 fatus
488 1871 615 1918 velat
652 1879 872 1918 materna
907 1879 1131 1933 tempora
1166 1880 1338 1933 myrto.
1443 1935 1446 1938 Δ

140 1952 236 1999 hoc
275 1953 519 2014 Helymus
556 1951 683 2010 facit,
724 1953 821 2000 hoc
856 1952 964 2000 aevi
1000 1961 1219 2000 maturus
1255 1955 1474 2013 Acestes,

139 2034 236 2081 hoc
272 2050 392 2096 puer
428 2033 685 2092 Ascanius,
724 2032 943 2096 sequitur
978 2050 1103 2096 quos
1140 2043 1302 2083 cetera
1336 2035 1507 2097 pubes.

139 2111 220 2161 ille
256 2129 283 2161 e
319 2113 531 2161 concilio
568 2113 733 2161 multis
771 2130 885 2161 cum
922 2113 1119 2162 milibus
1156 2113 1259 2163 ibat

138 2195 202 2242 ad
238 2196 484 2242 tumulum
521 2211 699 2257 magna
734 2195 928 2244 medius
964 2194 1233 2244 comitante
1268 2204 1474 2246 caterva.

138 2274 218 2323 hic
255 2277 356 2324 duo
392 2275 481 2324 rite
518 2292 654 2325 mero
691 2275 851 2324 libans
887 2276 1136 2325 carchesia
1173 2279 1374 2326 Baccho

137 2355 299 2404 fundit
335 2356 486 2415 humi,
526 2359 628 2406 duo
663 2359 790 2406 lacte
826 2375 969 2417 novo,
1009 2359 1111 2407 duo
1148 2358 1386 2420 sanguine
1421 2375 1572 2418 sacro,

136 2454 507 2501 purpureosque
543 2438 657 2487 iacit
693 2441 837 2488 flores
873 2457 931 2488 ac
968 2439 1082 2488 talia
1117 2441 1275 2489 fatur:

142 2520 311 2578 ‘salve,
353 2527 520 2567 sancte
555 2536 746 2582 parens,
786 2520 963 2568 iterum
1001 2522 1197 2580 salvete,
1236 2521 1420 2584 recepti

137 2598 439 2661 nequiquam
476 2599 663 2648 cineres
698 2599 994 2664 animaeque
1030 2602 1334 2665 umbraeque
1370 2611 1613 2666 paternae.

136 2695 239 2727 non
275 2678 411 2728 licuit
447 2680 558 2729 finis
595 2683 746 2731 Italos
783 2682 1046 2746 fataliaque
1082 2700 1195 2732 arva

1756 512 1806 553 55

1756 909 1811 951 60

1751 2134 1801 2178 75

1745 2532 1799 2570 80

137 2777 228 2808 nec
265 2769 430 2809 tecum
466 2762 759 2822 Ausonium,
794 2763 1096 2828 quicumque
1133 2774 1218 2823 est,
1260 2781 1491 2826 quaerere
1528 2764 1798 2827 Thybrim.⁷

190 2902 324 2939 53-72
346 2889 476 2928 MPR
491 2904 501 2939 3
533 2893 666 2940 73-83
687 2890 864 2930 MPRV
1093 2906 1157 2944 59,
1183 2895 1237 2933 60
1260 2894 1424 2944 primae
1455 2893 1689 2932 redambm‘s
1718 2906 1800 2932 esse

134 2944 367 2993 suspicatur
380 2944 569 2984 Deutztke
650 2947 704 2983 68
723 2946 938 2986 levibusve
951 2946 1018 2984 Rb
1142 2960 1190 2997 77
1226 2949 1297 2986 ‘ut
1312 2948 1453 2987 libaret
1463 2947 1511 2986 de
1530 2961 1638 2986 mero
1657 2948 1799 2986 baccho

138 2997 202 3037 τῖε.
217 3004 326 3048 puro
339 2997 349 3014 '
369 2998 500 3048 Serv„
522 3004 559 3038 et
576 3000 632 3038 sic
652 2999 855 3051 Gathling
1016 3003 1072 3040 80
1094 3005 1191 3053 post
1208 3002 1359 3041 iterum
1373 3002 1637 3053 distinguunt
1653 3001 1726 3041 alii
