2014 3372
1292 135 1654 185 AENEIDOS
1690 135 1796 186 VII

128 297 278 330 causa
311 279 402 329 fuit
436 279 670 341 belloque
704 275 898 326 animos
934 274 1165 324 accendit
1200 273 1413 337 agrestis.

128 378 299 410 cervus
335 369 437 409 erat
472 361 630 408 forma
664 356 932 421 praestanti
967 365 1016 404 et
1052 354 1286 404 cornibus
1322 354 1508 417 ingens,

127 442 399 505 Tyrrhidae
434 439 572 503 pueri
608 455 759 501 quem
795 436 962 486 matris
997 437 1062 485 ab
1099 436 1251 484 ubere
1286 444 1481 497 raptum

127 521 380 571 nutribant
414 522 732 584 Tyrrhusque
766 527 917 581 pater,
955 517 1037 565 cui
1072 517 1203 580 regia
1236 526 1411 579 parent

125 612 347 651 armenta
383 611 431 650 et
466 604 563 649 late
598 599 824 649 custodia
860 598 1047 646 credita
1081 597 1256 660 campi.

125 686 389 732 adsuetum
424 681 641 744 imperiis
678 697 815 729 soror
850 679 989 728 omni
1024 678 1172 727 Silvia
1207 695 1325 727 cura

126 764 357 813 mollibus
393 763 615 811 intexens
652 762 858 810 ornabat
893 777 1079 809 cornua
1113 760 1267 819 sertis,

124 846 454 909 pectebatque
489 846 646 891 ferum
682 858 907 905 puroque
941 841 994 889 in
1028 843 1166 889 fonte
1202 841 1409 890 lavabat.

126 926 206 974 ille
242 943 445 974 manum
482 923 672 988 patiens
709 939 1010 985 mensaeque
1044 924 1280 971 adsuetus
1316 921 1420 970 erili

124 1008 315 1056 errabat
351 1005 482 1054 silvis
518 1022 782 1067 rursusque
816 1006 882 1053 ad
917 1004 1089 1052 limina
1123 1012 1244 1053 nota

125 1088 230 1151 ipse
266 1089 470 1136 domum
510 1100 617 1134 sera
651 1085 877 1149 quamvis
914 1102 966 1134 se
1003 1094 1151 1134 nocte
1186 1085 1386 1133 ferebat.

125 1171 258 1217 hunc
293 1169 466 1231 procul
503 1176 746 1215 errantem
782 1166 984 1215 rabidae
1018 1166 1243 1215 venantis
1281 1166 1377 1214 Iuli

122 1268 439 1301 commovere
475 1267 637 1309 canes,
677 1249 828 1298 fluvio
864 1267 979 1298 cum
1015 1252 1141 1298 forte
1178 1251 1400 1300 secundo

124 1336 362 1382 deflueret
398 1331 605 1395 ripaque
640 1340 804 1379 aestus
842 1331 1083 1380 viridante
1119 1334 1312 1380 levaret.

124 1415 229 1478 ipse
265 1414 415 1463 etiam
453 1412 659 1464 eximiae
695 1412 855 1460 laudis
893 1429 1161 1461 succensus
1197 1430 1365 1461 amore

124 1496 366 1548 Ascanius
403 1511 553 1543 curvo
589 1493 776 1542 derexit
812 1492 1002 1556 spicula
1036 1508 1225 1554 cornu3

123 1594 215 1625 nec
251 1578 451 1625 dextrae
488 1574 666 1623 erranti
702 1576 825 1625 deus
861 1574 996 1633 afuit,
1035 1584 1244 1637 actaque
1280 1577 1438 1623 multo

122 1674 307 1720 perque
343 1666 539 1704 uterum
577 1654 743 1703 sonitu
778 1671 966 1717 perque
1002 1654 1084 1703 ilia
1119 1655 1253 1703 venit
1289 1657 1530 1704 harundo.

122 1739 316 1787 saucius
352 1747 402 1786 at
437 1736 702 1800 quadripes
740 1746 859 1784 nota
893 1736 1020 1784 intra
1055 1746 1185 1785 tecta
1220 1737 1395 1800 refugit

122 1819 457 1881 successitque
491 1834 695 1880 gemens
732 1817 950 1876 stabulis,
989 1827 1267 1880 questuque
1302 1827 1535 1867 cruentus

120 1911 270 1964 atque
305 1898 587 1962 imploranti
625 1898 795 1946 similis
832 1908 1018 1946 tectum
1054 1916 1205 1947 omne
1240 1899 1474 1962 replebat.

121 1982 271 2031 Silvia
306 1983 463 2045 prima
499 1999 637 2031 soror
672 1982 848 2044 palmis
884 1999 1117 2044 percussa
1151 1985 1359 2032 lacertos

120 2066 356 2114 auxilium
392 2074 537 2113 vocat
573 2074 621 2113 et
659 2066 809 2113 duros
846 2066 1126 2113 conclamat
1160 2064 1375 2127 agrestis.

121 2146 206 2194 olli
244 2145 413 2210 (pestis
451 2146 584 2193 enim
621 2145 780 2194 tacitis
818 2147 935 2193 latet
971 2162 1143 2208 aspera
1179 2144 1332 2209 silvis)

121 2227 372 2290 improvisi
406 2229 599 2286 adsunt,
640 2226 722 2275 hic
757 2237 885 2275 torre
920 2236 1135 2275 armatus
1172 2228 1367 2286 obusto,

122 2309 297 2371 stipitis
334 2308 414 2356 hic
450 2308 636 2372 gravidi
673 2309 854 2368 nodis‚·
903 2310 1040 2371 quod
1077 2308 1257 2370 cuique
1293 2317 1540 2370 repertum

121 2390 317 2438 rimanti
352 2393 505 2438 telum
542 2390 612 2438 ira
646 2390 774 2439 facit.
849 2399 993 2439 vocat
1029 2389 1226 2453 agmina
1262 2391 1493 2451 Tyrrhus,

122 2470 451 2532 quadrifidam
487 2487 725 2533 quercum
763 2470 933 2519 cuneis
970 2480 1024 2519 ut
1061 2472 1185 2518 forte
1221 2469 1404 2518 coactis

122 2551 378 2600 scindebat
414 2562 552 2615 rapta
588 2552 776 2615 spirans
812 2552 1030 2600 immane
1067 2551 1236 2600 securi.

189 2634 255 2678 At
292 2649 436 2679 saeva
470 2649 498 2680 e
534 2632 744 2694 speculis
781 2643 977 2695 tempus
1014 2634 1109 2681 dea
1143 2642 1288 2681 nacta
1324 2633 1540 2682 nocendi

121 2713 275 2760 ardua
310 2721 439 2760 tecta
474 2713 596 2774 petit
631 2713 811 2761 stabuli
847 2723 895 2762 et
931 2715 995 2762 de
1032 2713 1248 2762 culmine
1284 2730 1480 2761 summo

1717 525 1797 575 485

1716 940 1799 981 490

1714 1351 1794 1393 495

1714 1758 1795 1798 500

1711 2167 1789 2205 505

1712 2575 1791 2614 510

177 2842 366 2890 482—485
392 2840 549 2887 MRV;
591 2842 778 2891 486-507
814 2841 1006 2891 FMRV;
1051 2844 1143 2892 508,
1168 2855 1250 2892 509
1280 2841 1438 2891 FMR;
1479 2852 1668 2891 510—512
1698 2842 1791 2881 MR

121 2897 204 2944 486
233 2897 305 2934 lati
325 2896 367 2934 F
369 2894 612 2946 ¹M¹RV7²rr
768 2909 849 2945 490
879 2909 1006 2934 manu
1026 2896 1127 2934 FM1
1303 2910 1382 2946 497
1416 2897 1575 2935 direxit
1594 2896 1636 2934 F
1638 2895 1792 2948 ²M7²bc

122 2951 203 2997 498
233 2951 385 2988 dextra
404 2949 457 2987 M
630 2962 710 2999 502
742 2949 924 3000 replevit
953 2949 1148 3001 RV7²bcrr
1339 2963 1421 3000 510
1451 2951 1703 2990 scindebant
1722 2951 1790 2990 Ml

122 3003 288 3042 Nonius
