2014 3372
1398 151 1762 200 AENEIDOS
1795 152 1846 198 X

176 303 278 351 quo
301 289 464 337 feror?
498 288 633 336 unde
656 286 793 337 abii?
829 304 957 351 quae
981 304 1063 337 me
1086 289 1203 351 fuga
1226 304 1439 351 quemve
1462 288 1695 337 reducit?
1764 297 1847 349 670

177 368 501 418 Laurentisne
535 368 711 418 iterum
750 386 916 418 muros
950 378 1036 418 aut
1071 379 1229 419 castra
1263 369 1483 419 videbo?

176 449 297 512 quid
334 466 509 498 manus
544 449 627 498 illa
660 449 832 509 virum,
872 450 958 513 qui
993 467 1075 499 me
1110 467 1321 513 meaque
1355 467 1492 499 arma
1528 451 1725 500 secuti?

176 547 367 593 quosne
404 530 582 595 (nefas)
619 531 781 580 omnis
816 531 1020 580 infanda
1054 531 1105 579 in
1141 541 1300 580 morte
1335 531 1509 595 reliqui

176 621 224 659 et
259 629 393 660 nunc
428 611 637 675 palantis
672 611 832 672 video,
871 612 1211 676 gemitumque
1245 614 1515 662 cadentum

174 692 406 755 accipio?
453 692 574 756 quid
609 696 740 756 ago?
785 703 871 742 aut
906 710 1034 756 quae
1070 693 1168 742 iam
1206 694 1322 743 satis
1358 694 1459 743 ima
1494 694 1718 744 dehiscat
1759 703 1839 756 675

131 829 134 832 ⁴
175 783 301 822 terra
336 773 497 822 mihi?
542 791 630 823 vos
667 791 698 823 o
734 774 898 837 potius
935 774 1247 835 miserescite,
1287 775 1422 824 venti
1441 794 1456 836 3

174 854 225 902 in
261 871 418 917 rupes,
458 854 509 902 in
546 871 660 903 saxa
696 854 887 919 (volens
923 872 1010 904 vos
1047 858 1245 904 Turnus
1280 855 1457 920 adoro)

174 936 295 983 ferte
330 944 484 984 ratem
521 935 777 999 saevisque
811 936 950 986 vadis
986 937 1235 986 immittite
1272 937 1425 999 syrtis,

175 1032 276 1078 quo
311 1034 474 1079 neque
510 1034 591 1065 me
629 1017 803 1066 Rutuli
838 1035 931 1067 nec
966 1018 1167 1067 conscia
1202 1020 1333 1066 fama
1369 1020 1636 1081 sequatur.'

174 1099 297 1146 haec
333 1115 614 1147 memorans
650 1099 818 1148 animo
854 1117 988 1148 nunc
1023 1101 1136 1159 huc,
1175 1117 1310 1148 nunc
1346 1102 1552 1149 fluctuat
1588 1099 1718 1160 illuc,
1761 1108 1842 1148 680

173 1194 238 1226 an
274 1195 381 1226 sese
417 1196 655 1228 mucrone
693 1180 760 1228 ob
797 1188 990 1228 tantum
1027 1181 1245 1229 dedecus
1281 1196 1454 1228 amens

174 1258 347 1308 induat
383 1269 431 1308 et
467 1262 676 1309 crudum
712 1278 798 1324 per
833 1270 995 1310 costas
1031 1260 1190 1324 exigat
1226 1278 1410 1321 ensem,

173 1339 404 1388 fluctibus
440 1357 504 1388 an
542 1340 686 1389 iaciat
722 1341 898 1390 mediis
935 1350 983 1390 et
1019 1341 1161 1390 litora
1195 1343 1364 1390 nando

173 1437 321 1469 curva
355 1430 490 1483 petat
527 1423 877 1485 Teucrumque
912 1422 1090 1471 iterum
1127 1439 1179 1471 se
1214 1423 1390 1470 reddat
1426 1421 1478 1470 in
1513 1439 1660 1471 arma.

172 1510 245 1549 ter
279 1511 485 1549 conatus
522 1511 780 1565 utramque
815 1502 958 1562 viam,
998 1511 1070 1551 ter
1106 1502 1318 1550 maxima
1356 1505 1485 1551 Iuno
1759 1510 1838 1562 685

173 1581 417 1629 continuit
452 1581 782 1645 iuvenemque
817 1582 969 1630 animi
1005 1582 1233 1631 miserata
1268 1583 1508 1646 repressit.

172 1662 350 1711 labitur
384 1665 483 1711 alta
519 1680 692 1712 secans
729 1666 982 1726 fluctuque
1017 1673 1256 1727 aestuque
1292 1666 1515 1713 secundo

172 1752 220 1791 et
256 1743 404 1806 patris
439 1743 694 1807 antiquam
733 1744 900 1792 Dauni
936 1745 1151 1793 defertur
1185 1745 1251 1793 ad
1286 1745 1474 1793 urbem.

237 1827 306 1872 At
344 1824 475 1873 Iovis
512 1824 698 1873 interea
734 1824 933 1873 monitis
972 1825 1248 1874 Mezentius
1284 1827 1462 1874 ardens

171 1905 391 1954 succedit
427 1923 622 1968 pugnae
659 1908 981 1968 Teucrosque
1016 1905 1204 1954 invadit
1239 1905 1443 1954 ovantis.
1754 1916 1837 1969 690

170 1997 469 2035 concurrunt
504 1989 788 2049 Tyrrhenae
824 1986 954 2035 acies
990 1996 1139 2049 atque
1175 1986 1407 2035 omnibus
1444 1987 1544 2046 uni,

169 2067 255 2115 uni
291 2068 517 2131 odiisque
554 2068 657 2117 viro
695 2067 904 2131 telisque
940 2067 1279 2130 frequentibus
1315 2067 1512 2116 instant.

168 2147 249 2197 ille
288 2148 438 2213 (velut
474 2167 619 2213 rupes
656 2158 849 2198 vastum
887 2166 1014 2212 quae
1049 2148 1214 2211 prodit
1249 2148 1300 2196 in
1335 2165 1534 2212 aequor,

168 2230 315 2279 obvia
349 2241 608 2281 ventorum
644 2231 779 2280 furiis
817 2241 1120 2295 expostaque
1155 2240 1324 2294 ponto,

166 2311 266 2359 vim
302 2323 533 2362 cunctam
568 2323 718 2377 atque
754 2313 913 2362 minas
950 2315 1129 2377 perfert
1166 2313 1387 2375 caelique
1423 2313 1669 2377 marisque
1751 2323 1830 2376 695

166 2391 273 2455 ipsa
308 2393 514 2444 immota
551 2394 777 2458 manens)
816 2396 1005 2458 prolem
1046 2393 1371 2443 Dolichaonis
1409 2394 1640 2442 Hebrum

166 2474 336 2523 sternit
372 2475 523 2535 humi,
564 2493 678 2524 cum
714 2492 815 2538 quo
853 2478 1093 2538 Latagum
1134 2476 1462 2537 Palmumque
1498 2476 1736 2537 fugacem,

166 2555 254 2602 sed
291 2557 531 2619 Latagum
569 2573 686 2604 saxo
722 2565 871 2619 atque
908 2555 1095 2619 ingenti
1133 2555 1371 2619 fragmine
1407 2555 1590 2604 montis

165 2645 375 2697 occupat
411 2653 465 2685 os
502 2636 778 2699 faciemque
812 2638 1083 2696 adversam,
1121 2637 1309 2700 poplite
1346 2638 1573 2684 Palmum

219 2766 410 2817 670-699
430 2766 559 2805 MPR
743 2769 825 2816 670
852 2767 956 2806 abeo
986 2766 1043 2804 Pl
1155 2766 1357 2818 quemve]
1379 2779 1462 2815 quo
1484 2764 1572 2804 M¹:
1603 2778 1739 2815 quove
1760 2764 1829 2802 Μ’

163 2820 244 2869 673
273 2833 437 2870 quosne
468 2822 491 2859 b
519 2820 726 2859 Leidensis
753 2821 918 2871 Asper:
967 2833 1132 2870 quosve
1157 2819 1340 2871 M²P7crr
1360 2820 1416 2861 D.
1439 2819 1555 2859 Serv.
1578 2833 1587 2858 :
1635 2832 1828 2868 quosque

165 2871 278 2912 M¹R
440 2876 522 2926 674
551 2875 748 2925 pallentis
769 2873 835 2912 Μι
1000 2876 1080 2923 675
1111 2874 1202 2926 aut]
1224 2880 1267 2913 et
1282 2873 1341 2912 >M
1346 2875 1358 2898 ²
1523 2875 1600 2912 681
1635 2874 1825 2912 mucroni

163 2926 265 2965 P1R
282 2943 292 2967 ε
321 2929 546 2968 ablativum
567 2933 769 2968 testantur
782 2928 1019 2967 Pu‘scmnus
1037 2927 1151 2968 Serv.
1419 2929 1503 2978 696
1531 2933 1706 2967 manent
1726 2926 1792 2965 M¹
1811 2940 1820 2965 :

163 2987 305 3021 manet
326 2981 465 3021 M²a¹²t
