2014 3372
236 147 288 194 P.
328 143 626 192 VERGILI
666 141 992 191 MARONIS

235 282 311 332 his
349 281 570 332 medium
607 279 751 330 dictis
788 295 1070 328 sermonem
1105 277 1354 342 abrumpit
1390 286 1440 327 et
1473 293 1615 326 auras

235 381 379 428 aegra
414 363 536 427 fugit
573 378 727 425 seque
764 378 823 410 ex
859 359 1028 409 oculis·
1051 359 1225 409 avertit
1261 368 1310 408 et
1344 360 1515 418 aufert,

235 445 466 509 linquens
503 446 659 492 multa
695 451 832 492 metu
869 450 1188 491 cunctantem
1225 450 1274 490 et
1311 443 1465 489 multa
1500 449 1757 504 parantem

236 526 413 576 dicere.
488 524 764 589 suscipiunt
800 525 1014 573 famulae
1050 525 1386 587 conlapsaque
1423 522 1646 571 membra

236 625 513 658 marmoreo
549 609 765 656 referunt
801 607 1021 655 thalamo
1058 604 1318 668 stratisque
1354 612 1613 667 reponunt.

303 693 371 739 At
409 690 519 754 pius
555 692 768 748 AeneaS,
808 704 1113 750 quamquam
1150 685 1302 735 lenire
1338 686 1593 734 dolentem

237 773 446 821 solando
484 770 620 834 cupit
655 779 704 819 et
741 769 885 819 dictis
922 777 1139 818 avertere
1176 785 1329 827 curas,

238 854 392 902 multa
427 869 630 917 gemens
668 867 951 915 magnoque
987 849 1210 899 animum
1247 849 1518 898 labefactus
1554 863 1723 896 amore

235 934 368 983 iussa
404 943 572 983 tamen
609 932 781 982 divum
819 931 1100 995 exsequitur
1138 933 1446 994 classemque
1481 928 1658 979 revisit.

236 1025 343 1065 tum
379 1032 495 1065 vero
531 1014 714 1064 Teucri
750 1014 1049 1063 incumbunt
1086 1022 1134 1062 et
1170 1012 1311 1061 litore
1348 1014 1503 1061 celsas

236 1099 494 1148 deducunt
530 1106 637 1146 toto
674 1095 824 1145 navis.
899 1104 1035 1151 natat
1072 1104 1222 1143 uncta
1257 1093 1434 1153 carina,

235 1177 612 1241 frondentisque
648 1180 810 1227 ferunt
846 1194 1008 1226 remos
1046 1186 1094 1225 et
1130 1177 1307 1226 robora
1343 1174 1474 1224 silvis

236 1259 526 1309 infabricata
561 1262 705 1322 fugae
744 1259 922 1308 studio.

237 1341 489 1405 migrantis
527 1358 698 1390 cernas
735 1350 938 1404 totaque
975 1358 1036 1390 ex
1071 1340 1193 1389 urbe
1229 1339 1427 1388 ruentis.

235 1440 294 1472 ac
329 1425 463 1472 velut
498 1423 751 1487 ingentem
787 1421 1022 1471 formicae
1058 1421 1194 1471 farris
1230 1437 1459 1470 acervum

236 1522 351 1554 cum
388 1506 630 1568 populant
665 1503 842 1552 hiemis
880 1519 1125 1552 memores
1162 1511 1395 1565 tectoque
1431 1509 1692 1565 reponunt,

236 1585 273 1635 it
309 1585 502 1650 nigrum
539 1584 726 1648 campis
762 1601 941 1648 agmen
977 1585 1313 1647 praedamque
1348 1600 1435 1646 per
1470 1583 1648 1631 herbas

238 1675 535 1716 convectant
572 1668 695 1715 calle
732 1674 976 1728 angusto:
1027 1682 1137 1728 pars
1174 1663 1378 1727 grandia
1414 1665 1618 1712 trudunt

237 1747 449 1797 obnixae
485 1750 732 1797 frumenta
768 1747 964 1807 umeris,
1005 1764 1115 1810 pars
1151 1746 1349 1810 agmina
1389 1755 1574 1810 cogunt

227 1828 577 1893 *castigantque
614 1846 790 1888 moras,
830 1846 980 1892 opere
1017 1827 1179 1877 omnis
1217 1827 1391 1877 semita
1426 1829 1591 1876 fervet.

238 1910 348 1974 quis
385 1910 475 1958 tibi
511 1919 631 1970 tum,
673 1909 821 1969 Dido,
863 1909 1081 1958 cernenti
1120 1908 1234 1957 talia
1270 1925 1457 1968 sensus,

238 2008 425 2055 quosve
462 1992 617 2040 dabas
653 1990 878 2054 gemitus,
900 2007 1036 2039 ‘curn
1073 1990 1215 2039 litora
1250 1991 1434 2039 fervere
1469 1990 1566 2037 late

236 2073 543 2137 prospiceres
578 2090 690 2122 arce
727 2091 786 2122 ex
822 2090 1029 2133 summa,
1071 2081 1331 2135 totumque
1367 2071 1557 2125 videres

238 2154 433 2204 misceri
469 2164 585 2204 ante
622 2157 794 2204 oculos
832 2153 980 2203 tantis
1018 2153 1316 2203 clamoribus
1358 2156 1572 2216 aequor!

237 2235 464 2299 improbe
499 2238 670 2295 Amor,
710 2235 832 2298 quid
870 2252 973 2284 non
1010 2234 1235 2283 mortalia
1270 2243 1471 2297 pectora
1507 2232 1673 2296 cogis!

236 2316 306 2366 ire
342 2316 519 2366 iterum
555 2316 607 2365 in
643 2315 883 2376 lacrimas,
922 2315 1100 2365 iterum
1136 2324 1376 2378 temptare
1412 2315 1663 2378 precando

237 2397 428 2462 cogitur
463 2406 511 2446 et
548 2399 756 2461 supplex
790 2396 985 2446 animos
1022 2395 1328 2445 summittere
1363 2394 1534 2454 amori,

238 2496 301 2528 ne
337 2478 458 2542 quid
495 2478 803 2541 inexpertum
842 2480 1018 2526 frustra
1054 2476 1289 2526 moritura
1324 2475 1580 2538 relinquat.

309 2562 499 2618 ‘Anna,
538 2558 676 2607 vides
714 2567 821 2607 toto
857 2557 1107 2622 properari
1143 2557 1284 2606 litore
1320 2556 1535 2606 circum:

238 2641 461 2704 undique
497 2656 775 2689 convenere
792 2657 805 2700 3
841 2648 986 2688 vocat
1021 2638 1120 2687 iam
1156 2638 1387 2687 carbasus
1423 2653 1578 2696 aura5‚

238 2721 490 2786 puppibus
526 2729 575 2769 et
611 2719 727 2769 laeti
762 2727 942 2768 nautae
978 2718 1258 2781 imposuere
1294 2733 1515 2767 coronas.

1831 459 1909 501 390

1831 866 1906 908 595

1830 1274 1910 1315 400

1829 1681 1909 1721 405

1831 2089 1912 2129 410

1828 2493 1910 2534 415

290 2845 480 2895 388-418
501 2842 593 2882 MP
728 2855 810 2893 390
836 2840 1081 2893 parantem]
1104 2840 1319 2880 volentem
1341 2838 1413 2878 Mc
1518 2849 1598 2888 395
1625 2835 1793 2876 secludit
1811 2835 1910 2874 Rib-

236 2900 322 2939 beck
449 2912 530 2948 402
560 2897 693 2937 veluti
716 2897 843 2936 Mactr
973 2908 1051 2944 407
1085 2906 1243 2944 operae
1266 2893 1316 2931 M
1321 2893 1358 2934 ¹:
1391 2905 1522 2943 opera
1541 2890 1706 2930 Nonius

1827 2892 1909 2940 416

232 2961 328 3009 post
347 2956 470 2995 litore
490 2956 790 3004 interpungunt
808 2951 1037 2991 Markland
1053 2951 1128 2990 alii
1400 2950 1480 2999 418
1502 2953 1599 3000 post
1617 2949 1729 2988 hunc
1745 2960 1910 2993 versum

239 3012 332 3062 548,
359 3021 438 3060 549
466 3010 605 3048 inserit
623 3007 791 3047 Ribbeck
