<?xml version="1.0" encoding="UTF-8"?>
<!DOCTYPE html PUBLIC "-//W3C//DTD XHTML 1.0 Transitional//EN"
    "http://www.w3.org/TR/xhtml1/DTD/xhtml1-transitional.dtd">
<html xmlns="http://www.w3.org/1999/xhtml" xml:lang="en" lang="en">
 <head>
  <title>
</title>
<meta http-equiv="Content-Type" content="text/html;charset=utf-8" />
  <meta name='ocr-system' content='tesseract 3.04.00' />
  <meta name='ocr-capabilities' content='ocr_page ocr_carea ocr_par ocr_line ocrx_word'/>
</head>
<body>
  <div class='ocr_page' id='page_1' title='image "./operarecognovitb00virguoft_0250.png"; bbox 0 0 2014 3372; ppageno 0'>
   <div class='ocr_carea' id='block_1_1' title="bbox 218 157 979 208">
    <p class='ocr_par' dir='ltr' id='par_1_1' title="bbox 218 157 979 208">
     <span class='ocr_line' id='line_1_1' title="bbox 218 157 979 208; baseline 0 -3"><span class='ocrx_word' id='word_1_1' title='bbox 218 159 271 206; x_wconf 89' lang='lat' dir='ltr'><strong>P.</strong></span> <span class='ocrx_word' id='word_1_2' title='bbox 315 159 612 207; x_wconf 89' lang='lat' dir='ltr'>VERGILI</span> <span class='ocrx_word' id='word_1_3' title='bbox 652 157 979 208; x_wconf 90' lang='lat' dir='ltr'><strong>MARONIS</strong></span> 
     </span>
    </p>
   </div>
   <div class='ocr_carea' id='block_1_2' title="bbox 215 297 1910 1749">
    <p class='ocr_par' dir='ltr' id='par_1_2' title="bbox 216 297 1597 444">
     <span class='ocr_line' id='line_1_2' title="bbox 216 297 1597 362; baseline -0.001 -15"><span class='ocrx_word' id='word_1_4' title='bbox 216 300 408 359; x_wconf 88' lang='lat' dir='ltr'><strong>robora,</strong></span> <span class='ocrx_word' id='word_1_5' title='bbox 447 298 710 348; x_wconf 90' lang='lat' dir='ltr'><strong>restinctus</strong></span> <span class='ocrx_word' id='word_1_6' title='bbox 746 300 911 348; x_wconf 93' lang='lat' dir='ltr'><strong>donec</strong></span> <span class='ocrx_word' id='word_1_7' title='bbox 946 315 1100 362; x_wconf 88' lang='lat' dir='ltr'><strong>vapor</strong></span> <span class='ocrx_word' id='word_1_8' title='bbox 1135 297 1299 348; x_wconf 90' lang='lat' dir='ltr'><strong>omnis</strong></span> <span class='ocrx_word' id='word_1_9' title='bbox 1336 307 1386 348; x_wconf 92' lang='lat' dir='ltr'><strong>et</strong></span> <span class='ocrx_word' id='word_1_10' title='bbox 1421 314 1597 347; x_wconf 83' lang='lat' dir='ltr'><strong>omnes</strong></span> 
     </span>
     <span class='ocr_line' id='line_1_3' title="bbox 217 378 1417 444; baseline -0.001 -15"><span class='ocrx_word' id='word_1_11' title='bbox 217 390 450 444; x_wconf 88' lang='lat' dir='ltr'><strong>quattuor</strong></span> <span class='ocrx_word' id='word_1_12' title='bbox 484 379 677 428; x_wconf 90' lang='lat' dir='ltr'><strong>amissis</strong></span> <span class='ocrx_word' id='word_1_13' title='bbox 715 388 934 428; x_wconf 88' lang='lat' dir='ltr'><strong>servatae</strong></span> <span class='ocrx_word' id='word_1_14' title='bbox 969 397 1000 428; x_wconf 94' lang='lat' dir='ltr'><strong>a</strong></span> <span class='ocrx_word' id='word_1_15' title='bbox 1034 388 1175 443; x_wconf 91' lang='lat' dir='ltr'><strong>peste</strong></span> <span class='ocrx_word' id='word_1_16' title='bbox 1211 378 1417 428; x_wconf 89' lang='lat' dir='ltr'><strong>carinae.</strong></span> 
     </span>
    </p>

    <p class='ocr_par' dir='ltr' id='par_1_3' title="bbox 215 461 1910 1749">
     <span class='ocr_line' id='line_1_4' title="bbox 284 461 1901 525; baseline -0.002 -15"><span class='ocrx_word' id='word_1_17' title='bbox 284 466 352 511; x_wconf 89' lang='lat' dir='ltr'><strong>At</strong></span> <span class='ocrx_word' id='word_1_18' title='bbox 387 471 526 525; x_wconf 92' lang='lat' dir='ltr'><strong>pater</strong></span> <span class='ocrx_word' id='word_1_19' title='bbox 560 464 758 510; x_wconf 83' lang='lat' dir='ltr'>Aeneas</span> <span class='ocrx_word' id='word_1_20' title='bbox 795 478 913 509; x_wconf 90' lang='lat' dir='ltr'><strong>casu</strong></span> <span class='ocrx_word' id='word_1_21' title='bbox 950 478 1222 510; x_wconf 91' lang='lat' dir='ltr'><strong>concussus</strong></span> <span class='ocrx_word' id='word_1_22' title='bbox 1258 461 1439 509; x_wconf 89' lang='lat' dir='ltr'><strong>acerbo</strong></span> <span class='ocrx_word' id='word_1_23' title='bbox 1768 493 1776 497; x_wconf 97' lang='lat'>-</span> <span class='ocrx_word' id='word_1_24' title='bbox 1817 477 1901 521; x_wconf 88' lang='lat'><strong>700</strong></span> 
     </span>
     <span class='ocr_line' id='line_1_5' title="bbox 217 543 1489 606; baseline -0.002 -13"><span class='ocrx_word' id='word_1_25' title='bbox 217 562 351 593; x_wconf 91' lang='lat' dir='ltr'><strong>nunc</strong></span> <span class='ocrx_word' id='word_1_26' title='bbox 387 546 487 592; x_wconf 91' lang='lat' dir='ltr'><strong>huc</strong></span> <span class='ocrx_word' id='word_1_27' title='bbox 522 543 749 606; x_wconf 91' lang='lat' dir='ltr'><strong>ingentis,</strong></span> <span class='ocrx_word' id='word_1_28' title='bbox 789 560 924 592; x_wconf 92' lang='lat' dir='ltr'><strong>nunc</strong></span> <span class='ocrx_word' id='word_1_29' title='bbox 959 543 1076 592; x_wconf 93' lang='lat' dir='ltr'><strong>illuc</strong></span> <span class='ocrx_word' id='word_1_30' title='bbox 1112 552 1318 606; x_wconf 85' lang='lat' dir='ltr'><strong>pectore</strong></span> <span class='ocrx_word' id='word_1_31' title='bbox 1349 559 1489 591; x_wconf 91' lang='lat' dir='ltr'><strong>curas</strong></span> 
     </span>
     <span class='ocr_line' id='line_1_6' title="bbox 218 623 1414 684; baseline -0.003 -10"><span class='ocrx_word' id='word_1_32' title='bbox 218 626 445 674; x_wconf 89' lang='lat' dir='ltr'><strong>mutabat</strong></span> <span class='ocrx_word' id='word_1_33' title='bbox 481 641 696 684; x_wconf 89' lang='lat' dir='ltr'><strong>versans,</strong></span> <span class='ocrx_word' id='word_1_34' title='bbox 736 623 979 673; x_wconf 85' lang='lat' dir='ltr'>Siculisne</span> <span class='ocrx_word' id='word_1_35' title='bbox 1016 623 1252 673; x_wconf 84' lang='lat' dir='ltr'><strong>resideret</strong></span> <span class='ocrx_word' id='word_1_36' title='bbox 1287 623 1414 672; x_wconf 92' lang='lat' dir='ltr'><strong>arvis</strong></span> 
     </span>
     <span class='ocr_line' id='line_1_7' title="bbox 217 707 1384 769; baseline -0.002 -13"><span class='ocrx_word' id='word_1_37' title='bbox 217 707 400 756; x_wconf 91' lang='lat' dir='ltr'><strong>oblitus</strong></span> <span class='ocrx_word' id='word_1_38' title='bbox 437 709 664 766; x_wconf 90' lang='lat' dir='ltr'><strong>fatorum,</strong></span> <span class='ocrx_word' id='word_1_39' title='bbox 706 708 922 755; x_wconf 83' lang='lat' dir='ltr'><strong>Italasne</strong></span> <span class='ocrx_word' id='word_1_40' title='bbox 948 715 1225 769; x_wconf 84' lang='lat' dir='ltr'><strong>capesseret</strong></span> <span class='ocrx_word' id='word_1_41' title='bbox 1261 722 1384 754; x_wconf 76' lang='lat' dir='ltr'><strong>oras,</strong></span> 
     </span>
     <span class='ocr_line' id='line_1_8' title="bbox 216 787 1425 848; baseline -0.002 -11"><span class='ocrx_word' id='word_1_42' title='bbox 216 799 323 837; x_wconf 91' lang='lat' dir='ltr'><strong>tum</strong></span> <span class='ocrx_word' id='word_1_43' title='bbox 360 788 525 838; x_wconf 88' lang='lat' dir='ltr'><strong>senior</strong></span> <span class='ocrx_word' id='word_1_44' title='bbox 562 790 767 848; x_wconf 86' lang='lat' dir='ltr'><strong>Nautes,</strong></span> <span class='ocrx_word' id='word_1_45' title='bbox 808 805 965 836; x_wconf 92' lang='lat' dir='ltr'><strong>unum</strong></span> <span class='ocrx_word' id='word_1_46' title='bbox 1002 787 1228 836; x_wconf 86' lang='lat' dir='ltr'><strong>Tritonia</strong></span> <span class='ocrx_word' id='word_1_47' title='bbox 1265 789 1425 835; x_wconf 89' lang='lat' dir='ltr'><strong>Pallas</strong></span> 
     </span>
     <span class='ocr_line' id='line_1_9' title="bbox 217 868 1895 935; baseline -0.004 -15"><span class='ocrx_word' id='word_1_48' title='bbox 217 888 369 935; x_wconf 93' lang='lat' dir='ltr'><strong>quem</strong></span> <span class='ocrx_word' id='word_1_49' title='bbox 406 870 578 920; x_wconf 92' lang='lat' dir='ltr'><strong>docuit</strong></span> <span class='ocrx_word' id='word_1_50' title='bbox 615 873 872 933; x_wconf 92' lang='lat' dir='ltr'><strong>multaque</strong></span> <span class='ocrx_word' id='word_1_51' title='bbox 908 869 1155 933; x_wconf 85' lang='lat' dir='ltr'><strong>insignem</strong></span> <span class='ocrx_word' id='word_1_52' title='bbox 1191 868 1410 918; x_wconf 90' lang='lat' dir='ltr'><strong>reddidit</strong></span> <span class='ocrx_word' id='word_1_53' title='bbox 1444 878 1548 916; x_wconf 88' lang='lat' dir='ltr'><strong>arte</strong></span> <span class='ocrx_word' id='word_1_54' title='bbox 1819 883 1895 928; x_wconf 82' lang='lat'><strong>705</strong></span> 
     </span>
     <span class='ocr_line' id='line_1_10' title="bbox 215 950 1581 1018; baseline -0.002 -17"><span class='ocrx_word' id='word_1_55' title='bbox 215 953 362 1018; x_wconf 86' lang='lat' dir='ltr'><strong>(haec</strong></span> <span class='ocrx_word' id='word_1_56' title='bbox 398 970 636 1016; x_wconf 90' lang='lat' dir='ltr'><strong>responsa</strong></span> <span class='ocrx_word' id='word_1_57' title='bbox 671 952 838 1012; x_wconf 90' lang='lat' dir='ltr'><strong>dabat,</strong></span> <span class='ocrx_word' id='word_1_58' title='bbox 877 954 955 1001; x_wconf 89' lang='lat' dir='ltr'><strong>vel</strong></span> <span class='ocrx_word' id='word_1_59' title='bbox 993 969 1121 1015; x_wconf 91' lang='lat' dir='ltr'><strong>quae</strong></span> <span class='ocrx_word' id='word_1_60' title='bbox 1156 953 1474 1015; x_wconf 87' lang='lat' dir='ltr'><strong>portenderet</strong></span> <span class='ocrx_word' id='word_1_61' title='bbox 1510 950 1581 998; x_wconf 90' lang='lat' dir='ltr'><strong>ira</strong></span> 
     </span>
     <span class='ocr_line' id='line_1_11' title="bbox 216 1030 1628 1098; baseline -0.003 -14"><span class='ocrx_word' id='word_1_62' title='bbox 216 1052 396 1098; x_wconf 88' lang='lat' dir='ltr'><strong>magna</strong></span> <span class='ocrx_word' id='word_1_63' title='bbox 431 1036 583 1083; x_wconf 91' lang='lat' dir='ltr'><strong>deum</strong></span> <span class='ocrx_word' id='word_1_64' title='bbox 618 1036 696 1083; x_wconf 90' lang='lat' dir='ltr'><strong>vel</strong></span> <span class='ocrx_word' id='word_1_65' title='bbox 733 1051 861 1097; x_wconf 91' lang='lat' dir='ltr'><strong>quae</strong></span> <span class='ocrx_word' id='word_1_66' title='bbox 897 1036 1111 1082; x_wconf 90' lang='lat' dir='ltr'><strong>fatorum</strong></span> <span class='ocrx_word' id='word_1_67' title='bbox 1147 1042 1373 1096; x_wconf 91' lang='lat' dir='ltr'><strong>posceret</strong></span> <span class='ocrx_word' id='word_1_68' title='bbox 1410 1030 1628 1096; x_wconf 86' lang='lat' dir='ltr'><strong>ordo)—</strong></span> 
     </span>
     <span class='ocr_line' id='line_1_12' title="bbox 215 1114 1357 1179; baseline -0.001 -15"><span class='ocrx_word' id='word_1_69' title='bbox 215 1115 356 1179; x_wconf 93' lang='lat' dir='ltr'><strong>isque</strong></span> <span class='ocrx_word' id='word_1_70' title='bbox 393 1115 469 1164; x_wconf 93' lang='lat' dir='ltr'><strong>his</strong></span> <span class='ocrx_word' id='word_1_71' title='bbox 506 1118 715 1164; x_wconf 90' lang='lat' dir='ltr'><strong>Aenean</strong></span> <span class='ocrx_word' id='word_1_72' title='bbox 752 1117 938 1164; x_wconf 90' lang='lat' dir='ltr'><strong>solatus</strong></span> <span class='ocrx_word' id='word_1_73' title='bbox 974 1115 1181 1164; x_wconf 91' lang='lat' dir='ltr'><strong>vocibus</strong></span> <span class='ocrx_word' id='word_1_74' title='bbox 1218 1114 1357 1163; x_wconf 87' lang='lat' dir='ltr'><strong>infit:</strong></span> 
     </span>
     <span class='ocr_line' id='line_1_13' title="bbox 218 1198 1744 1261; baseline -0.002 -15"><span class='ocrx_word' id='word_1_75' title='bbox 218 1201 362 1246; x_wconf 90' lang='lat' dir='ltr'><strong>‘nate</strong></span> <span class='ocrx_word' id='word_1_76' title='bbox 398 1199 506 1257; x_wconf 92' lang='lat' dir='ltr'><strong>dea,</strong></span> <span class='ocrx_word' id='word_1_77' title='bbox 547 1215 647 1261; x_wconf 94' lang='lat' dir='ltr'><strong>quo</strong></span> <span class='ocrx_word' id='word_1_78' title='bbox 685 1199 785 1246; x_wconf 90' lang='lat' dir='ltr'><strong>fata</strong></span> <span class='ocrx_word' id='word_1_79' title='bbox 820 1199 1021 1246; x_wconf 88' lang='lat' dir='ltr'><strong>trahunt</strong></span> <span class='ocrx_word' id='word_1_80' title='bbox 1057 1198 1411 1259; x_wconf 90' lang='lat' dir='ltr'><strong>retrahuntque</strong></span> <span class='ocrx_word' id='word_1_81' title='bbox 1447 1211 1714 1258; x_wconf 89' lang='lat' dir='ltr'><strong>sequamur</strong></span> <span class='ocrx_word' id='word_1_82' title='bbox 1731 1211 1744 1254; x_wconf 82' lang='lat'>3</span> 
     </span>
     <span class='ocr_line' id='line_1_14' title="bbox 215 1278 1897 1344; baseline -0.003 -16"><span class='ocrx_word' id='word_1_83' title='bbox 215 1279 462 1344; x_wconf 90' lang='lat' dir='ltr'><strong>quidquid</strong></span> <span class='ocrx_word' id='word_1_84' title='bbox 499 1279 602 1339; x_wconf 90' lang='lat' dir='ltr'><strong>erit,</strong></span> <span class='ocrx_word' id='word_1_85' title='bbox 642 1281 922 1343; x_wconf 89' lang='lat' dir='ltr'><strong>superanda</strong></span> <span class='ocrx_word' id='word_1_86' title='bbox 957 1278 1120 1328; x_wconf 92' lang='lat' dir='ltr'><strong>omnis</strong></span> <span class='ocrx_word' id='word_1_87' title='bbox 1157 1280 1355 1327; x_wconf 90' lang='lat' dir='ltr'><strong>fortuna</strong></span> <span class='ocrx_word' id='word_1_88' title='bbox 1388 1279 1596 1327; x_wconf 90' lang='lat' dir='ltr'><strong>ferendo</strong></span> <span class='ocrx_word' id='word_1_89' title='bbox 1632 1285 1718 1325; x_wconf 93' lang='lat' dir='ltr'><strong>est.</strong></span> <span class='ocrx_word' id='word_1_90' title='bbox 1818 1292 1897 1335; x_wconf 90' lang='lat'><strong>710</strong></span> 
     </span>
     <span class='ocr_line' id='line_1_15' title="bbox 216 1360 1453 1424; baseline -0.002 -14"><span class='ocrx_word' id='word_1_91' title='bbox 216 1371 290 1410; x_wconf 89' lang='lat' dir='ltr'><strong>est</strong></span> <span class='ocrx_word' id='word_1_92' title='bbox 326 1361 416 1410; x_wconf 92' lang='lat' dir='ltr'><strong>tibi</strong></span> <span class='ocrx_word' id='word_1_93' title='bbox 458 1361 742 1410; x_wconf 88' lang='lat' dir='ltr'><strong>Dardanius</strong></span> <span class='ocrx_word' id='word_1_94' title='bbox 779 1360 978 1410; x_wconf 86' lang='lat' dir='ltr'><strong>divinae</strong></span> <span class='ocrx_word' id='word_1_95' title='bbox 1015 1360 1176 1424; x_wconf 91' lang='lat' dir='ltr'><strong>stirpis</strong></span> <span class='ocrx_word' id='word_1_96' title='bbox 1212 1363 1453 1408; x_wconf 88' lang='lat' dir='ltr'><strong>Acestes:</strong></span> 
     </span>
     <span class='ocr_line' id='line_1_16' title="bbox 217 1441 1688 1505; baseline -0.003 -14"><span class='ocrx_word' id='word_1_97' title='bbox 217 1445 352 1491; x_wconf 95' lang='lat' dir='ltr'><strong>hunc</strong></span> <span class='ocrx_word' id='word_1_98' title='bbox 389 1460 512 1505; x_wconf 91' lang='lat' dir='ltr'><strong>cape</strong></span> <span class='ocrx_word' id='word_1_99' title='bbox 549 1442 769 1491; x_wconf 89' lang='lat' dir='ltr'><strong>consiliis</strong></span> <span class='ocrx_word' id='word_1_100' title='bbox 807 1441 998 1490; x_wconf 90' lang='lat' dir='ltr'><strong>socium</strong></span> <span class='ocrx_word' id='word_1_101' title='bbox 1036 1451 1085 1490; x_wconf 94' lang='lat' dir='ltr'><strong>et</strong></span> <span class='ocrx_word' id='word_1_102' title='bbox 1121 1441 1370 1503; x_wconf 90' lang='lat' dir='ltr'><strong>coniunge</strong></span> <span class='ocrx_word' id='word_1_103' title='bbox 1403 1441 1656 1489; x_wconf 90' lang='lat' dir='ltr'><strong>volentem</strong></span> <span class='ocrx_word' id='word_1_104' title='bbox 1674 1456 1688 1499; x_wconf 89' lang='lat'>;</span> 
     </span>
     <span class='ocr_line' id='line_1_17' title="bbox 216 1521 1624 1586; baseline -0.003 -14"><span class='ocrx_word' id='word_1_105' title='bbox 216 1523 332 1572; x_wconf 92' lang='lat' dir='ltr'><strong>huic</strong></span> <span class='ocrx_word' id='word_1_106' title='bbox 369 1525 508 1572; x_wconf 92' lang='lat' dir='ltr'><strong>trade</strong></span> <span class='ocrx_word' id='word_1_107' title='bbox 544 1523 737 1572; x_wconf 88' lang='lat' dir='ltr'><strong>amissis</strong></span> <span class='ocrx_word' id='word_1_108' title='bbox 775 1532 1008 1586; x_wconf 89' lang='lat' dir='ltr'><strong>superant</strong></span> <span class='ocrx_word' id='word_1_109' title='bbox 1045 1522 1131 1586; x_wconf 92' lang='lat' dir='ltr'><strong>qui</strong></span> <span class='ocrx_word' id='word_1_110' title='bbox 1167 1521 1375 1570; x_wconf 91' lang='lat' dir='ltr'><strong>navibus</strong></span> <span class='ocrx_word' id='word_1_111' title='bbox 1412 1531 1461 1570; x_wconf 94' lang='lat' dir='ltr'><strong>et</strong></span> <span class='ocrx_word' id='word_1_112' title='bbox 1497 1537 1624 1584; x_wconf 91' lang='lat' dir='ltr'><strong>quos</strong></span> 
     </span>
     <span class='ocr_line' id='line_1_18' title="bbox 217 1604 1603 1668; baseline -0.003 -15"><span class='ocrx_word' id='word_1_113' title='bbox 217 1614 499 1667; x_wconf 89' lang='lat' dir='ltr'><strong>pertaesum</strong></span> <span class='ocrx_word' id='word_1_114' title='bbox 538 1604 704 1668; x_wconf 89' lang='lat' dir='ltr'><strong>magni</strong></span> <span class='ocrx_word' id='word_1_115' title='bbox 741 1604 928 1667; x_wconf 88' lang='lat' dir='ltr'><strong>incepti</strong></span> <span class='ocrx_word' id='word_1_116' title='bbox 964 1620 1229 1666; x_wconf 90' lang='lat' dir='ltr'><strong>rerumque</strong></span> <span class='ocrx_word' id='word_1_117' title='bbox 1266 1612 1460 1651; x_wconf 91' lang='lat' dir='ltr'><strong>tuarum</strong></span> <span class='ocrx_word' id='word_1_118' title='bbox 1497 1610 1572 1650; x_wconf 92' lang='lat' dir='ltr'><strong>est</strong></span> <span class='ocrx_word' id='word_1_119' title='bbox 1588 1619 1603 1661; x_wconf 80' lang='lat'>3</span> 
     </span>
     <span class='ocr_line' id='line_1_19' title="bbox 217 1687 1910 1749; baseline -0.002 -16"><span class='ocrx_word' id='word_1_120' title='bbox 217 1688 587 1749; x_wconf 86' lang='lat' dir='ltr'><strong>longaevosque</strong></span> <span class='ocrx_word' id='word_1_121' title='bbox 625 1702 769 1734; x_wconf 91' lang='lat' dir='ltr'><strong>senes</strong></span> <span class='ocrx_word' id='word_1_122' title='bbox 806 1702 864 1734; x_wconf 93' lang='lat' dir='ltr'><strong>ac</strong></span> <span class='ocrx_word' id='word_1_123' title='bbox 902 1687 1055 1734; x_wconf 89' lang='lat' dir='ltr'><strong>fessas</strong></span> <span class='ocrx_word' id='word_1_124' title='bbox 1091 1701 1308 1748; x_wconf 93' lang='lat' dir='ltr'><strong>aequore</strong></span> <span class='ocrx_word' id='word_1_125' title='bbox 1344 1692 1523 1732; x_wconf 91' lang='lat' dir='ltr'><strong>matres</strong></span> <span class='ocrx_word' id='word_1_126' title='bbox 1818 1698 1910 1741; x_wconf 83' lang='lat'>715·</span> 
     </span>
    </p>
   </div>
   <div class='ocr_carea' id='block_1_3' title="bbox 219 1762 1749 1908">
    <p class='ocr_par' dir='ltr' id='par_1_4' title="bbox 219 1762 1749 1908">
     <span class='ocr_line' id='line_1_20' title="bbox 219 1762 1749 1831; baseline -0.003 -15"><span class='ocrx_word' id='word_1_127' title='bbox 219 1776 267 1816; x_wconf 94' lang='lat' dir='ltr'><strong>et</strong></span> <span class='ocrx_word' id='word_1_128' title='bbox 305 1767 552 1831; x_wconf 92' lang='lat' dir='ltr'><strong>quidquid</strong></span> <span class='ocrx_word' id='word_1_129' title='bbox 589 1776 756 1816; x_wconf 92' lang='lat' dir='ltr'><strong>tecum</strong></span> <span class='ocrx_word' id='word_1_130' title='bbox 793 1767 1067 1816; x_wconf 90' lang='lat' dir='ltr'><strong>invalidum</strong></span> <span class='ocrx_word' id='word_1_131' title='bbox 1105 1775 1434 1828; x_wconf 90' lang='lat' dir='ltr'><strong>metuensque</strong></span> <span class='ocrx_word' id='word_1_132' title='bbox 1469 1762 1640 1828; x_wconf 89' lang='lat' dir='ltr'><strong>pericli</strong></span> <span class='ocrx_word' id='word_1_133' title='bbox 1675 1772 1749 1813; x_wconf 91' lang='lat' dir='ltr'><strong>est</strong></span> 
     </span>
     <span class='ocr_line' id='line_1_21' title="bbox 219 1842 1593 1908; baseline -0.003 -14"><span class='ocrx_word' id='word_1_134' title='bbox 219 1844 393 1908; x_wconf 84' lang='lat' dir='ltr'><strong>delige,</strong></span> <span class='ocrx_word' id='word_1_135' title='bbox 435 1854 482 1893; x_wconf 91' lang='lat' dir='ltr'><strong>et</strong></span> <span class='ocrx_word' id='word_1_136' title='bbox 519 1845 595 1893; x_wconf 91' lang='lat' dir='ltr'><strong>his</strong></span> <span class='ocrx_word' id='word_1_137' title='bbox 633 1846 851 1894; x_wconf 90' lang='lat' dir='ltr'><strong>habeant</strong></span> <span class='ocrx_word' id='word_1_138' title='bbox 889 1845 1027 1894; x_wconf 90' lang='lat' dir='ltr'><strong>terris</strong></span> <span class='ocrx_word' id='word_1_139' title='bbox 1065 1845 1171 1893; x_wconf 92' lang='lat' dir='ltr'><strong>sine</strong></span> <span class='ocrx_word' id='word_1_140' title='bbox 1208 1843 1408 1893; x_wconf 91' lang='lat' dir='ltr'><strong>moenia</strong></span> <span class='ocrx_word' id='word_1_141' title='bbox 1442 1842 1593 1903; x_wconf 87' lang='lat' dir='ltr'><strong>fessi;</strong></span> 
     </span>
    </p>
   </div>
   <div class='ocr_carea' id='block_1_4' title="bbox 217 1925 1898 2885">
    <p class='ocr_par' dir='ltr' id='par_1_5' title="bbox 217 1925 1898 2885">
     <span class='ocr_line' id='line_1_22' title="bbox 217 1925 1576 1990; baseline -0.003 -15"><span class='ocrx_word' id='word_1_142' title='bbox 217 1927 393 1975; x_wconf 92' lang='lat' dir='ltr'><strong>urbem</strong></span> <span class='ocrx_word' id='word_1_143' title='bbox 429 1927 753 1990; x_wconf 91' lang='lat' dir='ltr'><strong>appellabunt</strong></span> <span class='ocrx_word' id='word_1_144' title='bbox 791 1926 1032 1990; x_wconf 91' lang='lat' dir='ltr'><strong>permisso</strong></span> <span class='ocrx_word' id='word_1_145' title='bbox 1070 1925 1273 1974; x_wconf 88' lang='lat' dir='ltr'><strong>nomine</strong></span> <span class='ocrx_word' id='word_1_146' title='bbox 1308 1925 1576 1973; x_wconf 91' lang='lat' dir='ltr'><strong>Acestam.&#39;</strong></span> 
     </span>
     <span class='ocr_line' id='line_1_23' title="bbox 286 2006 1371 2058; baseline -0.002 -2"><span class='ocrx_word' id='word_1_147' title='bbox 286 2008 492 2057; x_wconf 90' lang='lat' dir='ltr'><strong>Talibus</strong></span> <span class='ocrx_word' id='word_1_148' title='bbox 530 2008 762 2057; x_wconf 92' lang='lat' dir='ltr'><strong>incensus</strong></span> <span class='ocrx_word' id='word_1_149' title='bbox 799 2008 944 2058; x_wconf 89' lang='lat' dir='ltr'><strong>dictis</strong></span> <span class='ocrx_word' id='word_1_150' title='bbox 982 2007 1187 2058; x_wconf 90' lang='lat' dir='ltr'><strong>senioris</strong></span> <span class='ocrx_word' id='word_1_151' title='bbox 1223 2006 1371 2056; x_wconf 90' lang='lat' dir='ltr'><strong>amici</strong></span> 
     </span>
     <span class='ocr_line' id='line_1_24' title="bbox 217 2087 1898 2146; baseline -0.003 -8"><span class='ocrx_word' id='word_1_152' title='bbox 217 2098 324 2138; x_wconf 92' lang='lat' dir='ltr'><strong>tum</strong></span> <span class='ocrx_word' id='word_1_153' title='bbox 360 2106 476 2138; x_wconf 89' lang='lat' dir='ltr'><strong>vero</strong></span> <span class='ocrx_word' id='word_1_154' title='bbox 513 2089 564 2137; x_wconf 91' lang='lat' dir='ltr'><strong>in</strong></span> <span class='ocrx_word' id='word_1_155' title='bbox 602 2107 742 2138; x_wconf 89' lang='lat' dir='ltr'><strong>curas</strong></span> <span class='ocrx_word' id='word_1_156' title='bbox 778 2089 948 2138; x_wconf 90' lang='lat' dir='ltr'><strong>animo</strong></span> <span class='ocrx_word' id='word_1_157' title='bbox 985 2089 1237 2138; x_wconf 88' lang='lat' dir='ltr'><strong>diducitur</strong></span> <span class='ocrx_word' id='word_1_158' title='bbox 1273 2087 1448 2136; x_wconf 92' lang='lat' dir='ltr'><strong>omnis.</strong></span> <span class='ocrx_word' id='word_1_159' title='bbox 1819 2101 1898 2146; x_wconf 86' lang='lat'><strong>7²0</strong></span> 
     </span>
     <span class='ocr_line' id='line_1_25' title="bbox 218 2169 1472 2235; baseline -0.002 -16"><span class='ocrx_word' id='word_1_160' title='bbox 218 2180 266 2219; x_wconf 93' lang='lat' dir='ltr'><strong>et</strong></span> <span class='ocrx_word' id='word_1_161' title='bbox 304 2173 419 2219; x_wconf 87' lang='lat' dir='ltr'><strong>Nox</strong></span> <span class='ocrx_word' id='word_1_162' title='bbox 454 2173 765 2234; x_wconf 84' lang='lat' dir='ltr'><strong>atrapolum</strong></span> <span class='ocrx_word' id='word_1_163' title='bbox 803 2170 928 2235; x_wconf 91' lang='lat' dir='ltr'><strong>bigis</strong></span> <span class='ocrx_word' id='word_1_164' title='bbox 966 2171 1204 2220; x_wconf 88' lang='lat' dir='ltr'><strong>subvecta</strong></span> <span class='ocrx_word' id='word_1_165' title='bbox 1239 2169 1472 2218; x_wconf 88' lang='lat' dir='ltr'><strong>tenebat:</strong></span> 
     </span>
     <span class='ocr_line' id='line_1_26' title="bbox 217 2251 1399 2315; baseline -0.001 -15"><span class='ocrx_word' id='word_1_166' title='bbox 217 2252 321 2301; x_wconf 89' lang='lat' dir='ltr'><strong>visa</strong></span> <span class='ocrx_word' id='word_1_167' title='bbox 359 2252 542 2301; x_wconf 90' lang='lat' dir='ltr'><strong>dehinc</strong></span> <span class='ocrx_word' id='word_1_168' title='bbox 581 2255 719 2302; x_wconf 91' lang='lat' dir='ltr'><strong>caelo</strong></span> <span class='ocrx_word' id='word_1_169' title='bbox 756 2252 906 2301; x_wconf 91' lang='lat' dir='ltr'><strong>facies</strong></span> <span class='ocrx_word' id='word_1_170' title='bbox 945 2255 1148 2315; x_wconf 88' lang='lat' dir='ltr'><strong>delapsa</strong></span> <span class='ocrx_word' id='word_1_171' title='bbox 1185 2251 1399 2315; x_wconf 89' lang='lat' dir='ltr'><strong>parentis</strong></span> 
     </span>
     <span class='ocr_line' id='line_1_27' title="bbox 217 2333 1324 2383; baseline 0 -2"><span class='ocrx_word' id='word_1_172' title='bbox 217 2333 470 2382; x_wconf 91' lang='lat' dir='ltr'><strong>Anchisae</strong></span> <span class='ocrx_word' id='word_1_173' title='bbox 507 2333 673 2383; x_wconf 91' lang='lat' dir='ltr'><strong>subito</strong></span> <span class='ocrx_word' id='word_1_174' title='bbox 711 2334 820 2382; x_wconf 91' lang='lat' dir='ltr'><strong>talis</strong></span> <span class='ocrx_word' id='word_1_175' title='bbox 858 2335 1112 2383; x_wconf 91' lang='lat' dir='ltr'><strong>effundere</strong></span> <span class='ocrx_word' id='word_1_176' title='bbox 1147 2349 1324 2382; x_wconf 89' lang='lat' dir='ltr'><strong>voces:</strong></span> 
     </span>
     <span class='ocr_line' id='line_1_28' title="bbox 222 2414 1566 2479; baseline -0.001 -16"><span class='ocrx_word' id='word_1_177' title='bbox 222 2419 379 2475; x_wconf 90' lang='lat' dir='ltr'><strong>‘nate,</strong></span> <span class='ocrx_word' id='word_1_178' title='bbox 421 2415 543 2464; x_wconf 90' lang='lat' dir='ltr'><strong>mihi</strong></span> <span class='ocrx_word' id='word_1_179' title='bbox 578 2415 678 2464; x_wconf 90' lang='lat' dir='ltr'><strong>vita</strong></span> <span class='ocrx_word' id='word_1_180' title='bbox 714 2417 986 2479; x_wconf 90' lang='lat' dir='ltr'><strong>quondam,</strong></span> <span class='ocrx_word' id='word_1_181' title='bbox 1027 2418 1148 2464; x_wconf 91' lang='lat' dir='ltr'><strong>dum</strong></span> <span class='ocrx_word' id='word_1_182' title='bbox 1185 2415 1284 2463; x_wconf 88' lang='lat' dir='ltr'><strong>vita</strong></span> <span class='ocrx_word' id='word_1_183' title='bbox 1320 2414 1566 2474; x_wconf 89' lang='lat' dir='ltr'><strong>manebat,</strong></span> 
     </span>
     <span class='ocr_line' id='line_1_29' title="bbox 218 2495 1894 2559; baseline -0.002 -14"><span class='ocrx_word' id='word_1_184' title='bbox 218 2513 329 2545; x_wconf 91' lang='lat' dir='ltr'><strong>care</strong></span> <span class='ocrx_word' id='word_1_185' title='bbox 366 2497 532 2559; x_wconf 89' lang='lat' dir='ltr'><strong>magis,</strong></span> <span class='ocrx_word' id='word_1_186' title='bbox 574 2506 702 2557; x_wconf 89' lang='lat' dir='ltr'><strong>nate,</strong></span> <span class='ocrx_word' id='word_1_187' title='bbox 745 2496 909 2545; x_wconf 89' lang='lat' dir='ltr'><strong>Iliacis</strong></span> <span class='ocrx_word' id='word_1_188' title='bbox 950 2496 1159 2546; x_wconf 89' lang='lat' dir='ltr'><strong>exercite</strong></span> <span class='ocrx_word' id='word_1_189' title='bbox 1196 2495 1319 2556; x_wconf 90' lang='lat' dir='ltr'><strong>fatis,</strong></span> <span class='ocrx_word' id='word_1_190' title='bbox 1817 2510 1894 2556; x_wconf 85' lang='lat'><strong>725</strong></span> 
     </span>
     <span class='ocr_line' id='line_1_30' title="bbox 218 2576 1540 2641; baseline -0.002 -15"><span class='ocrx_word' id='word_1_191' title='bbox 218 2577 425 2641; x_wconf 92' lang='lat' dir='ltr'><strong>imperio</strong></span> <span class='ocrx_word' id='word_1_192' title='bbox 464 2578 596 2627; x_wconf 93' lang='lat' dir='ltr'><strong>Iovis</strong></span> <span class='ocrx_word' id='word_1_193' title='bbox 634 2580 734 2626; x_wconf 90' lang='lat' dir='ltr'><strong>huc</strong></span> <span class='ocrx_word' id='word_1_194' title='bbox 774 2578 934 2638; x_wconf 88' lang='lat' dir='ltr'><strong>venio,</strong></span> <span class='ocrx_word' id='word_1_195' title='bbox 978 2578 1063 2641; x_wconf 92' lang='lat' dir='ltr'><strong>qui</strong></span> <span class='ocrx_word' id='word_1_196' title='bbox 1101 2577 1338 2626; x_wconf 89' lang='lat' dir='ltr'><strong>classibus</strong></span> <span class='ocrx_word' id='word_1_197' title='bbox 1375 2576 1540 2639; x_wconf 89' lang='lat' dir='ltr'><strong>ignem</strong></span> 
     </span>
     <span class='ocr_line' id='line_1_31' title="bbox 218 2659 1587 2722; baseline -0.002 -14"><span class='ocrx_word' id='word_1_198' title='bbox 218 2659 423 2722; x_wconf 89' lang='lat' dir='ltr'><strong>depulit,</strong></span> <span class='ocrx_word' id='word_1_199' title='bbox 463 2668 511 2708; x_wconf 94' lang='lat' dir='ltr'><strong>et</strong></span> <span class='ocrx_word' id='word_1_200' title='bbox 547 2662 686 2709; x_wconf 91' lang='lat' dir='ltr'><strong>caelo</strong></span> <span class='ocrx_word' id='word_1_201' title='bbox 726 2662 929 2710; x_wconf 90' lang='lat' dir='ltr'><strong>tandem</strong></span> <span class='ocrx_word' id='word_1_202' title='bbox 969 2660 1227 2709; x_wconf 90' lang='lat' dir='ltr'><strong>miseratus</strong></span> <span class='ocrx_word' id='word_1_203' title='bbox 1262 2660 1326 2707; x_wconf 87' lang='lat' dir='ltr'><strong>ab</strong></span> <span class='ocrx_word' id='word_1_204' title='bbox 1362 2660 1463 2706; x_wconf 90' lang='lat' dir='ltr'><strong>alto</strong></span> <span class='ocrx_word' id='word_1_205' title='bbox 1500 2666 1587 2706; x_wconf 93' lang='lat' dir='ltr'><strong>est.</strong></span> 
     </span>
     <span class='ocr_line' id='line_1_32' title="bbox 219 2741 1527 2806; baseline -0.001 -17"><span class='ocrx_word' id='word_1_206' title='bbox 219 2741 436 2790; x_wconf 91' lang='lat' dir='ltr'><strong>consiliis</strong></span> <span class='ocrx_word' id='word_1_207' title='bbox 475 2759 591 2805; x_wconf 90' lang='lat' dir='ltr'><strong>pare</strong></span> <span class='ocrx_word' id='word_1_208' title='bbox 631 2760 758 2806; x_wconf 91' lang='lat' dir='ltr'><strong>quae</strong></span> <span class='ocrx_word' id='word_1_209' title='bbox 797 2760 931 2791; x_wconf 93' lang='lat' dir='ltr'><strong>nunc</strong></span> <span class='ocrx_word' id='word_1_210' title='bbox 971 2742 1301 2805; x_wconf 89' lang='lat' dir='ltr'><strong>pulcherrima</strong></span> <span class='ocrx_word' id='word_1_211' title='bbox 1337 2743 1527 2789; x_wconf 89' lang='lat' dir='ltr'><strong>Nautes</strong></span> 
     </span>
     <span class='ocr_line' id='line_1_33' title="bbox 219 2823 1503 2885; baseline -0.001 -14"><span class='ocrx_word' id='word_1_212' title='bbox 219 2825 303 2872; x_wconf 93' lang='lat' dir='ltr'><strong>dat</strong></span> <span class='ocrx_word' id='word_1_213' title='bbox 341 2823 504 2873; x_wconf 92' lang='lat' dir='ltr'><strong>senior</strong></span> <span class='ocrx_word' id='word_1_214' title='bbox 523 2844 535 2885; x_wconf 81' lang='lat'><em>3</em></span> <span class='ocrx_word' id='word_1_215' title='bbox 584 2827 739 2874; x_wconf 90' lang='lat' dir='ltr'><strong>lectos</strong></span> <span class='ocrx_word' id='word_1_216' title='bbox 778 2825 994 2884; x_wconf 89' lang='lat' dir='ltr'><strong>iuvenes,</strong></span> <span class='ocrx_word' id='word_1_217' title='bbox 1037 2823 1302 2872; x_wconf 90' lang='lat' dir='ltr'><strong>fortissima</strong></span> <span class='ocrx_word' id='word_1_218' title='bbox 1339 2824 1503 2882; x_wconf 90' lang='lat' dir='ltr'><strong>corda,</strong></span> 
     </span>
    </p>
   </div>
   <div class='ocr_carea' id='block_1_5' title="bbox 223 2948 1896 3062">
    <p class='ocr_par' dir='ltr' id='par_1_6' title="bbox 223 2948 1896 3062">
     <span class='ocr_line' id='line_1_34' title="bbox 273 2948 1896 3006; baseline -0.001 -13"><span class='ocrx_word' id='word_1_219' title='bbox 273 2956 466 3006; x_wconf 88' lang='lat'><strong>698—729</strong></span> <span class='ocrx_word' id='word_1_220' title='bbox 489 2956 620 2995; x_wconf 89' lang='lat' dir='ltr'><strong>MPR</strong></span> <span class='ocrx_word' id='word_1_221' title='bbox 842 2958 921 3006; x_wconf 92' lang='lat'><strong>706</strong></span> <span class='ocrx_word' id='word_1_222' title='bbox 950 2956 1029 2994; x_wconf 92' lang='lat' dir='ltr'><strong>hac</strong></span> <span class='ocrx_word' id='word_1_223' title='bbox 1052 2955 1084 2994; x_wconf 88' lang='lat' dir='ltr'><strong>c¹</strong></span> <span class='ocrx_word' id='word_1_224' title='bbox 1106 2954 1275 2994; x_wconf 85' lang='lat' dir='ltr'><strong>Ribbeck</strong></span> <span class='ocrx_word' id='word_1_225' title='bbox 1295 2954 1371 2994; x_wconf 79' lang='lat' dir='ltr'><strong>alii</strong></span> <span class='ocrx_word' id='word_1_226' title='bbox 1517 2965 1597 3002; x_wconf 92' lang='lat'><strong>719</strong></span> <span class='ocrx_word' id='word_1_227' title='bbox 1625 2964 1831 2992; x_wconf 88' lang='lat' dir='ltr'><strong>accensus</strong></span> <span class='ocrx_word' id='word_1_228' title='bbox 1851 2948 1896 2991; x_wconf 86' lang='lat' dir='ltr'><em>R</em></span> 
     </span>
     <span class='ocr_line' id='line_1_35' title="bbox 223 3007 1877 3062; baseline -0.001 -16"><span class='ocrx_word' id='word_1_229' title='bbox 223 3021 302 3058; x_wconf 86' lang='lat'><strong>720</strong></span> <span class='ocrx_word' id='word_1_230' title='bbox 332 3012 519 3050; x_wconf 87' lang='lat' dir='ltr'><strong>animum</strong></span> <span class='ocrx_word' id='word_1_231' title='bbox 540 3010 693 3062; x_wconf 76' lang='lat' dir='ltr'><strong>7²b²c²⁷r</strong></span> <span class='ocrx_word' id='word_1_232' title='bbox 711 3009 825 3050; x_wconf 81' lang='lat' dir='ltr'><strong>Serv.</strong></span> <span class='ocrx_word' id='word_1_233' title='bbox 850 3010 1016 3059; x_wconf 84' lang='lat' dir='ltr'><strong>Bentley</strong></span> <span class='ocrx_word' id='word_1_234' title='bbox 1185 3022 1262 3058; x_wconf 88' lang='lat'><strong>722</strong></span> <span class='ocrx_word' id='word_1_235' title='bbox 1293 3009 1424 3048; x_wconf 88' lang='lat' dir='ltr'><strong>facies</strong></span> <span class='ocrx_word' id='word_1_236' title='bbox 1446 3007 1565 3047; x_wconf 84' lang='lat' dir='ltr'><strong>caelo</strong></span> <span class='ocrx_word' id='word_1_237' title='bbox 1585 3007 1731 3058; x_wconf 63' lang='lat' dir='ltr'><strong>Rybcn·</strong></span> <span class='ocrx_word' id='word_1_238' title='bbox 1875 3014 1877 3016; x_wconf 80' lang='grc'><strong>’</strong></span> 
     </span>
    </p>
   </div>
  </div>
 </body>
</html>
