2014 3372
243 159 295 206 P.
336 160 635 208 VERGILI
675 161 1002 209 MARONIS

243 300 304 350 sit
337 300 554 362 Latium,
594 302 692 350 sint
729 301 914 351 Albani
951 319 1038 367 per
1075 303 1272 352 saecula
1307 318 1457 367 regeS,

243 383 304 432 sit
342 385 573 433 Romana
609 394 787 448 potens
827 386 952 433 Itala
988 384 1164 434 virtute
1201 402 1452 449 propago:

243 465 440 525 occidit,
481 465 819 528 occideritque
856 465 988 514 sinas
1026 484 1140 515 cum
1178 466 1381 515 nomine
1418 466 1598 515 Troia.’

243 546 328 595 olli
365 546 626 595 subridens
662 547 925 595 hominum
962 565 1225 611 rerumque
1261 557 1508 611 repertor:

247 632 258 654 ‘
279 645 330 678 es
366 646 600 692 germana
638 628 772 678 Iovis
810 629 1108 692 Saturnique
1143 631 1295 677 altera
1330 630 1505 693 proles,

162 763 170 767 ,
245 710 424 759 irarum
462 719 626 759 tantos
662 710 818 759 volvis
855 711 949 759 sub
986 720 1187 774 pectore
1223 712 1414 759 fluctus.

245 809 415 841 verum
452 810 541 856 age
578 802 627 841 et
663 793 918 855 inceptum
956 795 1131 841 frustra
1168 792 1421 841 summitte
1457 794 1703 841 furorem:

247 876 315 924 do
351 875 489 938 quod
525 873 611 934 vis,
651 883 701 923 et
737 892 818 923 me
854 874 1113 938 victusque
1149 876 1423 936 volensque
1459 872 1669 921 remitto.

247 973 527 1005 sermonem
566 955 779 1005 Ausonii
815 956 1028 1020 patrium
1066 973 1329 1019 moresque
1365 955 1621 1014 tenebunt,

246 1048 400 1102 utque
438 1047 511 1086 est
547 1055 734 1086 nomen
773 1038 862 1086 erit
880 1056 893 1098 3
941 1037 1197 1086 commixti
1234 1052 1440 1100 corpore
1477 1044 1669 1083 tantum

249 1118 508 1168 subsident
544 1118 738 1168 Teucri.
815 1136 1004 1168 morem
1041 1118 1261 1181 ritusque
1298 1133 1547 1165 sacrorum

248 1201 461 1251 adiciam
498 1200 777 1264 faciamque
814 1201 976 1250 omnis
1014 1219 1116 1250 uno
1155 1218 1239 1250 ore
1276 1198 1493 1248 Latinos.

249 1283 366 1333 hinc
402 1301 557 1348 genus
594 1283 822 1332 Ausonio
860 1283 1068 1332 mixtum
1106 1283 1243 1346 quod
1281 1279 1518 1345 sanguine
1556 1289 1732 1344 surget,

250 1382 397 1429 supra
432 1365 675 1425 homines,
716 1382 863 1428 supra
898 1365 966 1414 ire
1003 1366 1125 1414 deos
1162 1363 1344 1427 pietate
1381 1361 1585 1421 videbis,

251 1465 344 1497 nec
379 1464 499 1511 gens
537 1449 636 1496 ulla
671 1456 783 1496 tuos
819 1464 979 1511 aeque
1016 1445 1286 1496 celebrabit
1323 1445 1568 1494 honores?

250 1530 426 1580 adnuit
461 1529 537 1578 his
576 1533 707 1579 Iuno
743 1539 792 1579 et
828 1539 1048 1579 mentem
1086 1531 1265 1577 laetata
1300 1517 1505 1576 retorsit.

251 1613 437 1662 interea
473 1611 667 1661 excedit
704 1614 842 1661 caelo
879 1613 1166 1674 nubemque
1202 1608 1445 1673 relinquit.

322 1693 419 1742 His
455 1692 578 1742 actis
614 1692 750 1742 aliud
786 1692 977 1756 genitor
1014 1709 1184 1742 secum
1221 1691 1327 1755 ipse
1363 1691 1551 1739 volutat

254 1777 614 1838 Iuturnamque
650 1783 787 1838 parat
823 1773 979 1823 fratris
1017 1773 1264 1823 dimittere
1300 1772 1363 1821 ab
1400 1770 1559 1819 armis.

254 1858 486 1907 dicuntur
521 1856 748 1920 geminae
785 1866 947 1919 pestes
985 1855 1284 1919 cognomine
1324 1854 1487 1913 Dirae,

255 1956 378 2002 quas
416 1947 465 1988 et
501 1941 787 1987 Tartaream
826 1940 940 1986 Nox
975 1936 1274 1999 intempesta
1313 1937 1598 1998 Megaeram

254 2038 356 2071 uno
393 2023 674 2085 eodemque
711 2020 821 2069 tulit
856 2028 1012 2084 partu,
1050 2019 1350 2083 paribusque
1387 2016 1592 2066 revinxit

256 2112 539 2168 serpentum
579 2102 718 2166 spiris
755 2111 1086 2165 ventosasque
1122 2099 1316 2150 addidit
1353 2101 1466 2147 alas.

255 2189 349 2235 hae
388 2184 520 2234 Iovis
557 2186 622 2233 ad
659 2184 838 2233 solium
877 2182 1108 2246 saevique
1147 2182 1196 2230 in
1234 2180 1404 2230 limine
1442 2180 1566 2245 regis

256 2275 495 2332 apparent
530 2274 815 2329 acuuntque
852 2273 1040 2313 metum
1078 2262 1366 2312 mortalibus
1403 2262 1571 2326 aegris,

258 2351 297 2399 si
334 2349 538 2413 quando
573 2349 728 2396 letum
764 2346 1048 2395 horrificum
1087 2347 1389 2409 morbosque
1427 2345 1577 2393 deum
1615 2359 1697 2390 rex

259 2431 470 2489 molitur,
511 2428 707 2478 meritas
743 2437 828 2477 aut
865 2429 997 2477 bello
1037 2429 1220 2478 territat
1258 2428 1418 2477 urbes.

259 2515 434 2562 harum
471 2527 622 2559 unam
660 2511 870 2559 celerem
908 2510 1107 2560 demisit
1143 2512 1208 2560 ab
1244 2513 1442 2560 aethere
1480 2522 1677 2558 summo

262 2592 485 2658 Iuppiter
521 2592 671 2655 inque
709 2609 859 2641 omen
900 2596 1135 2643 Iuturnae
1173 2609 1428 2643 occurrere
1464 2588 1632 2639 iussit:

260 2675 343 2724 illa
378 2675 510 2723 volat
547 2673 791 2737 celerique
828 2676 892 2724 ad
929 2685 1107 2724 terram
1146 2674 1342 2724 turbine
1378 2675 1540 2722 fertur.

262 2772 365 2805 non
402 2772 543 2804 secus
580 2772 637 2804 ac
674 2774 825 2806 nervo
864 2775 951 2821 per
991 2758 1178 2806 nubem
1217 2756 1431 2819 impulsa
1467 2752 1653 2817 sagitta,

262 2846 501 2887 armatam
538 2838 670 2888 saevi
704 2839 917 2892 Parthus
956 2856 1106 2902 quam
1144 2840 1257 2888 felle
1293 2836 1486 2895 veneni,

1838 636 1920 686 830

1803 1441 1807 1443 .
1843 1450 1925 1501 840

1849 2267 1930 2317 850

319 2967 510 3017 825·830
545 2967 637 3007 MP
641 2983 651 3017 ;
709 2970 898 3018 831—857
929 2967 1061 3006 MPR
1389 2965 1469 3014 835
1500 2967 1617 3002 tanto
1656 2960 1698 2998 R
1728 2957 1936 2998 detm‘ores

265 3021 455 3072 quidam,
472 3020 834 3075 probant.5entley
853 3022 1024 3061 Ribbeck
