2014 3372
1316 164 1677 214 AENEIDOS
1716 165 1792 212 IV

124 325 253 375 quae
288 308 411 359 mihi
445 309 621 359 reddat
655 324 771 358 eum
806 308 884 356 vel
921 323 981 356 eo
1018 323 1098 355 me
1135 307 1291 355 solvat
1326 314 1590 355 amantem.

124 393 316 445 Oceani
351 395 503 442 finem
538 391 672 440 iuxta
707 392 967 454 solemque
1003 391 1265 439 cadentem
1712 400 1793 452 480

123 475 327 524 ultimus
363 473 669 536 Aethiopum
706 474 845 521 locus
882 481 968 531 est,
1009 471 1095 520 ubi
1138 470 1380 520 maximus
1415 472 1556 519 Atlas

122 573 265 605 axem
302 571 474 604 umero
510 562 707 617 torquet
742 552 893 602 stellis
930 552 1218 602 ardentibus
1253 562 1455 616 aptum:

123 637 241 686 hinc
278 635 399 685 mihi
436 637 683 698 Massylae
718 634 876 698 gentis
914 642 1184 683 monstrata
1219 635 1461 693 sacerdos,

127 718 466 782 Hesperidum
504 716 677 780 templi
712 726 892 776 custos,
932 717 1203 779 epulasque
1238 714 1443 764 draconi

125 816 253 863 quae
288 799 439 848 dabat
478 807 527 847 et
562 813 726 847 sacros
764 797 988 846 servabat
1024 795 1075 844 in
1111 796 1286 845 arbore
1323 812 1501 856 ramos,
1712 806 1792 858 485

125 898 357 945 spargens
394 880 562 929 umida
598 882 745 929 mella
780 879 1205 943 soporiferumque
1240 895 1466 942 papaver.

126 963 249 1010 haec
285 979 337 1010 se
373 960 673 1010 carminibus
708 959 950 1024 promittit
987 962 1176 1009 solvere
1212 968 1404 1009 mentes

126 1059 248 1106 quas
283 1042 412 1101 velit,
452 1051 526 1091 ast
560 1041 666 1090 aliis
703 1043 850 1091 duras
886 1041 1151 1090 immittere
1187 1058 1341 1101 curas,

127 1123 295 1173 sistere
330 1140 511 1187 aquam
547 1122 706 1172 fluviis
743 1132 792 1172 et
827 1131 1013 1172 vertere
1049 1122 1210 1172 sidera
1244 1131 1387 1182 retro,

127 1213 497 1267 nocturnosque
532 1212 699 1253 movet
735 1202 929 1252 manis:
979 1203 1167 1266 mugire
1202 1202 1395 1252 videbis
1712 1223 1795 1266 490

127 1286 219 1334 sub
255 1285 468 1348 pedibus
504 1294 682 1333 terram
718 1293 767 1333 et
803 1285 1106 1333 descendere
1143 1284 1396 1333 montibus
1432 1300 1594 1334 ornos.

127 1376 291 1426 testor,
331 1383 454 1426 cara,
493 1368 615 1416 deos
652 1375 701 1414 et
736 1374 797 1424 te,
837 1382 1081 1428 germana,
1123 1374 1364 1428 tuumque

127 1449 273 1497 dulce
309 1457 478 1511 caput,
511 1447 724 1512 magicas
761 1446 965 1495 invitam
1002 1446 1248 1510 accingier
1281 1446 1408 1496 artis.

127 1541 180 1580 tu
217 1541 403 1590 secreta
436 1548 606 1595 pyram
643 1539 776 1579 tecto
813 1529 1044 1579 interiore
1080 1530 1172 1578 sub
1209 1546 1350 1578 auras

126 1612 269 1676 erige,
308 1622 357 1662 et
392 1630 527 1661 arma
561 1611 650 1660 viri
684 1613 904 1660 thalamo
941 1628 1069 1674 quae
1104 1612 1199 1660 fixa
1235 1610 1430 1675 reliquit
1714 1633 1794 1674 495

127 1690 306 1754 impius
343 1691 641 1755 exuviasque
676 1691 839 1740 omnis
875 1693 1159 1754 lectumque
1195 1690 1420 1754 iugalem,

129 1790 228 1837 quo
265 1773 399 1837 perii,
440 1772 850 1836 superimponas:
886 1773 1085 1822 abolere
1123 1772 1323 1822 nefandi

127 1864 306 1905 cuncta
341 1855 429 1903 viri
466 1855 775 1904 monimenta
810 1854 943 1904 iuvat
980 1864 1319 1919 monstratque
1354 1855 1611 1906 sacerdos.'

127 1939 249 1986 haec
285 1939 429 1986 effata
463 1937 585 1997 silet,
625 1939 781 2001 pallor
816 1937 961 1986 simul
998 1947 1210 2001 occupat
1245 1954 1342 1987 ora.

127 2035 228 2067 non
266 2028 431 2066 tamen
467 2021 617 2066 Anna
651 2018 793 2068 novis
829 2028 1111 2081 praetexere
1147 2020 1319 2067 funera
1353 2018 1501 2068 sacris
1716 2039 1796 2079 500

127 2115 410 2162 germanam
447 2099 613 2157 credit,
653 2116 746 2147 nec
782 2108 945 2147 tantos
982 2108 1147 2148 mente
1182 2101 1368 2148 furores

128 2179 345 2242 concipit
379 2188 463 2227 aut
498 2179 719 2243 graviora
755 2179 894 2228 timet
931 2196 1081 2244 quam
1119 2189 1276 2229 morte
1312 2180 1532 2244 Sychaei.

128 2277 243 2324 ergo
278 2259 408 2309 iussa
444 2270 593 2323 parat.

194 2343 262 2389 At
298 2341 463 2404 regina
497 2358 615 2405 pyra
650 2342 888 2405 penetrali
923 2342 974 2391 in
1011 2344 1130 2392 sede
1166 2344 1258 2392 sub
1294 2360 1435 2393 auras

129 2431 289 2471 erecta
324 2422 511 2486 ingenti
546 2423 703 2472 taedis
738 2433 888 2488 atque
925 2424 1036 2474 ilice
1071 2434 1217 2484 secta,
1715 2446 1792 2486 505

129 2502 439 2567 intenditque
476 2506 642 2554 locum
678 2505 817 2554 sertis
854 2515 902 2555 et
938 2508 1113 2556 fronde
1151 2515 1354 2555 coronat

128 2585 329 2633 funerea
345 2604 358 2646 ,-
397 2602 543 2650 super
577 2586 775 2636 exuvias
811 2604 1082 2651 ensemque
1119 2588 1343 2637 relictum

129 2665 438 2729 effigiemque
474 2677 582 2716 toro
617 2669 747 2717 locat
783 2670 917 2718 haud
954 2668 1120 2732 ignara
1155 2669 1316 2718 futuri.

183 2797 374 2845 479—508
394 2795 521 2834 FMP
726 2799 806 2846 482
836 2804 1048 2848 attorquet
1068 2797 1121 2836 M
1122 2798 1135 2820 ¹
1282 2800 1362 2848 485
1393 2797 1455 2849 et]
1477 2803 1523 2837 ut
1542 2797 1794 2837 Sabbadz‘m':

128 2850 165 2889 is
185 2851 323 2901 Regel,
346 2850 411 2889 cui
426 2850 544 2890 verba
565 2850 601 2890 is
623 2880 633 2891 .
658 2880 668 2890 .
696 2881 704 2890 .
729 2864 868 2890 ramos
887 2852 1114 2902 παρένθεσις
1136 2852 1328 2891 videntur
1542 2854 1624 2901 486
1652 2852 1798 2891 eiciunt

127 2903 332 2944 Schrader
346 2905 534 2944 Deuticke
733 2919 813 2955 490
834 2906 993 2958 movet]
1016 2907 1099 2945 ciet
1117 2905 1345 2955 F2P27abn
1537 2919 1616 2956 497
1647 2918 1793 2956 super-

130 2958 351 3008 imponant
370 2959 472 2998 FM¹
494 2959 677 3011 agnoscit
693 2957 749 2998 D.
771 2959 886 2999 Serv.
1000 2960 1081 3010 498
1109 2960 1224 2999 iuvat
1242 2960 1284 2998 F
1284 2959 1354 2998 -M
1355 2959 1414 2999 2α1
1433 2959 1547 3001 Serv.
1568 2975 1575 3001 :
1608 2961 1693 3000 ivat
1712 2959 1755 2998 F
1752 2960 1765 2982 ¹
1785 2974 1795 2999 :

128 3012 243 3052 iubet
265 3012 556 3065 M1P17²a²bcrr
574 3028 583 3053 :
611 3013 726 3052 iubat
745 3012 849 3065 P27¹
1015 3025 1097 3064 500
1125 3020 1352 3065 protexere
1373 3013 1440 3052 Ml
