2014 3372
231 164 283 212 P.
325 165 624 214 VERGILI
664 166 991 216 MARONIS

227 302 298 352 illi
334 304 461 354 inter
498 322 606 354 sese
642 308 798 354 multa
833 305 881 354 vi
918 306 1149 357 bracchia
1184 309 1366 357 tollunt
1410 289 1422 293 -

227 386 279 434 in
316 404 578 437 numerum
615 397 912 451 versantque
948 389 1111 438 tenaci
1146 390 1332 454 forcipe
1369 407 1597 441 massam.

298 471 443 518 Haec
479 479 619 533 pater
654 470 843 519 Aeoliis
881 481 1111 535 properat
1149 474 1271 521 dum
1308 471 1548 523 Lemnius
1585 474 1697 535 oris,

228 552 519 599 Euandrum
559 569 619 600 ex
654 551 831 600 humili
867 561 1001 602 tecto
1037 555 1132 618 lux*
1157 554 1359 602 suscitat
1394 557 1526 604 alma
1821 575 1904 617 455

226 641 275 681 et
312 633 541 681 matutini
578 635 836 682 volucrum
874 635 968 683 sub
1005 635 1222 684 culmine
1259 645 1446 685 cantus.

224 715 475 779 consurgit
514 716 678 765 senior
715 717 984 780 tunicaque
1020 717 1271 766 inducitur
1305 727 1439 767 artus

223 808 272 847 et
309 801 564 862 Tyrrhena
601 802 789 863 pedum
828 800 1102 850 circumdat
1138 800 1336 849 vincula
1370 801 1564 864 plantis.

223 890 329 928 tum
366 880 505 929 lateri
543 890 695 944 atque
733 882 914 931 umeris
953 885 1238 945 Tegeaeum
1277 882 1490 944 subligat
1526 900 1699 932 ensem

222 962 439 1011 demissa
476 963 540 1012 ab
579 965 718 1012 laeva
753 965 1025 1027 pantherae
1061 973 1196 1028 terga
1231 973 1534 1027 retorquens.
1819 974 1907 1025 460

222 1060 315 1093 nec
352 1061 455 1093 non
493 1054 541 1093 et
578 1045 763 1108 gemini
801 1047 1036 1094 custodes
1074 1045 1245 1094 limine
1281 1046 1345 1094 ab
1381 1047 1482 1094 alto

220 1128 525 1189 praecedunt
562 1143 886 1190 gressumque
923 1144 1071 1175 canes
1109 1127 1407 1176 comitantur
1442 1126 1625 1176 erilem.

220 1207 429 1270 hospitis
466 1210 669 1257 Aeneae
707 1210 879 1257 sedem
917 1217 965 1257 et
1002 1217 1189 1257 secreta
1224 1208 1426 1271 petebat

220 1306 507 1338 sermonum
547 1307 739 1339 memor
775 1298 824 1338 et
860 1289 1090 1353 promissi
1127 1289 1344 1338 muneris
1381 1290 1539 1338 heros.

219 1388 311 1421 nec
349 1371 514 1420 minus
552 1374 750 1420 Aeneas
789 1388 841 1420 se
879 1371 1152 1419 matutinus
1188 1372 1378 1434 agebat.
1817 1381 1899 1433 465

218 1453 347 1502 filius
385 1453 501 1502 huic
540 1455 714 1512 Pallas,
757 1452 825 1500 illi
863 1469 1031 1501 comes
1070 1452 1173 1500 ibat
1209 1453 1440 1500 Achates.

219 1535 468 1598 congressi
506 1535 718 1598 iungunt
754 1535 948 1582 dextras
986 1533 1265 1596 mediisque
1301 1532 1525 1581 residunt

217 1620 426 1669 aedibus
466 1628 514 1668 et
550 1618 686 1668 licito
724 1620 928 1668 tandem
967 1635 1195 1667 sermone
1231 1620 1469 1666 fruuntur.

217 1720 299 1751 rex
337 1702 468 1766 prior
505 1704 660 1751 haec:

219 1784 460 1833 ‘maxime
498 1786 807 1833 Teucrorum
845 1785 1036 1843 ductor,
1077 1800 1179 1847 quo
1217 1782 1402 1846 sospite
1438 1798 1715 1846 numquam
1817 1799 1899 1843 470

215 1883 291 1915 res
329 1865 563 1929 equidem
601 1865 782 1914 Troiae
819 1865 972 1914 victas
1009 1874 1095 1914 aut
1130 1882 1280 1928 regna
1316 1865 1520 1924 fatebor,
1897 1876 1899 1878 ’

215 1947 361 1996 nobis
398 1948 462 1996 ad
499 1946 617 1995 belli
654 1946 889 1995 auxilium
927 1963 1017 2009 pro
1053 1946 1258 1994 nomine
1296 1954 1436 1994 tanto

215 2029 416 2092 exiguae
454 2028 579 2077 vires
599 2046 612 2088 3
659 2027 776 2076 hinc
813 2030 983 2076 Tusco
1019 2027 1298 2075 claudimur
1332 2026 1481 2086 amni,

214 2110 330 2159 hinc
369 2112 584 2158 Rutulus
622 2108 801 2172 premit
839 2118 887 2157 et
925 2126 1121 2157 murum
1159 2107 1491 2157 circumsonat
1527 2107 1687 2157 armis.

214 2194 303 2241 sed
339 2191 428 2240 tibi
465 2208 557 2255 ego
594 2191 806 2254 ingentis
844 2192 1057 2254 populos
1099 2191 1435 2253 opulentaque
1472 2189 1632 2252 regnis
1811 2209 1892 2251 475

213 2273 414 2337 iungere
451 2282 609 2322 castra
645 2289 779 2335 paro,
820 2289 971 2335 quarn
1010 2274 1109 2321 fors
1146 2271 1351 2335 inopina
1388 2273 1598 2320 salutem

213 2364 441 2404 ostentat.
516 2354 626 2403 fatis
663 2356 761 2402 huc
799 2363 847 2402 te
887 2354 1210 2418 poscentibus
1247 2356 1422 2403 adfers.

211 2439 348 2486 haud
383 2438 555 2501 procul
592 2436 709 2485 hinc
746 2453 863 2485 saxo
903 2436 1134 2485 incolitur
1171 2438 1378 2485 fundata
1413 2444 1609 2484 vetusto

211 2519 345 2568 urbis
383 2518 641 2581 Agyllinae
679 2520 835 2578 sedes,
878 2518 964 2567 ubi
1003 2519 1162 2582 Lydia
1199 2519 1454 2582 quondam

210 2619 344 2666 gens,
385 2602 516 2650 bello
554 2605 814 2666 praeclara,
857 2602 981 2667 iugis
1020 2602 1203 2651 insedit
1241 2600 1474 2649 Etruscis.
1809 2609 1893 2658 480

209 2685 340 2733 hanc
377 2686 559 2733 multos
598 2688 858 2734 florentem
897 2701 1056 2733 annos
1095 2702 1177 2732 rex
1214 2682 1398 2732 deinde
1436 2681 1650 2745 superbo

266 2828 346 2866 452
361 2817 452 2864 *481
479 2815 610 2854 MPR
823 2827 904 2864 455
935 2814 1045 2853 lecto
1073 2813 1294 2864 Wakefield
1452 2813 1535 2861 460
1564 2811 1800 2862 pantherea
1819 2809 1888 2860 Ργ

210 2873 286 2920 461
321 2877 414 2910 arto
456 2869 687 2909 Markland
869 2871 949 2919 462
980 2870 1220 2919 procedunt
1259 2866 1316 2906 Pl
1503 2880 1584 2916 472
1614 2865 1787 2905 numine
1826 2861 1884 2902 P¹

209 2939 289 2976 474
320 2927 599 2965 circumtonat
630 2923 698 2962 Μ2
812 2937 890 2974 477
923 2924 1042 2963 adfer
1063 2923 1270 2962 deteriores
1289 2922 1462 2973 quidam
1483 2921 1599 2961 Serv.
