2014 3372
1383 147 1743 197 AENEIDOS
1778 149 1827 195 X

164 285 221 331 ‘o
255 299 487 345 germana
521 282 644 332 mihi
678 291 828 347 atque
863 284 1039 333 eadem
1074 283 1347 347 gratissima
1381 284 1603 332 coniunx

158 372 214 412 ut
247 364 428 425 rebare,
468 367 640 414 Venus
676 364 791 430 (nec
827 374 876 414 te
912 365 1155 415 sententia
1190 364 1333 430 fallit)

158 443 398 494 Troianas
435 455 675 494 sustentat
710 463 844 509 opes,
884 463 988 495 non
1023 446 1188 494 vivida
1222 447 1356 495 bello

158 527 328 574 dextra
361 525 474 574 viris
509 526 804 590 animusque
838 529 973 576 ferox
1008 526 1301 589 patiensque
1337 527 1534 590 pericli.'
1743 535 1825 575 610

158 606 238 655 cui
275 609 405 656 Iuno
440 607 734 657 summissa:
786 607 951 671 ‘quid‚
990 624 1022 656 o
1058 608 1386 671 pulcherrime
1421 608 1652 668 coniunx,

158 687 389 736 sollicitas
425 705 620 750 aegram
656 697 704 737 et
740 698 825 736 tua
860 688 1014 737 tristia
1049 687 1183 738 dicta
1221 689 1515 739 timentem?

138 768 199 831 ⁴si
234 769 367 837 mihi,
408 786 535 832 quae
570 771 826 832 quondam
862 771 1018 818 fuerat
1055 787 1304 833 quamque
1340 788 1447 819 esse
1483 771 1705 829 decebat,

157 848 229 897 vis
264 849 315 897 in
351 867 518 898 amore
553 852 689 909 foret,
730 868 832 900 non
869 853 966 900 hoc
1002 851 1124 899 mihi
1159 869 1376 915 namque
1412 869 1628 915 negares,

157 931 485 994 omnipotens,
523 931 642 995 quin
679 941 728 981 et
763 949 958 996 pugnae
995 934 1271 983 subducere
1307 936 1534 982 Turnum
1742 942 1821 992 615

157 1020 206 1060 et
243 1014 425 1061 Dauno
460 1029 659 1075 possem
694 1013 998 1063 incolumem
1036 1032 1226 1064 servare
1262 1014 1464 1078 parenti.

156 1110 290 1141 nunc
325 1103 491 1156 pereat
526 1094 831 1158 Teucrisque
867 1095 951 1158 pio
987 1097 1072 1144 det
1108 1095 1345 1159 sanguine
1380 1112 1580 1159 poenas.

156 1172 238 1221 ille
273 1182 439 1222 tamen
474 1183 642 1223 nostra
677 1175 881 1224 deducit
917 1175 1103 1239 origine
1139 1193 1325 1226 nomen

157 1253 514 1318 Pilumnusque
550 1255 620 1303 illi
655 1266 856 1319 quartus
892 1267 1041 1320 pater,
1082 1266 1130 1306 et
1166 1267 1251 1306 tua
1286 1259 1417 1320 larga

156 1352 303 1398 saepe
339 1353 488 1385 manu
526 1337 792 1400 multisque
828 1338 1047 1386 oneravit
1083 1338 1254 1387 limina
1289 1338 1465 1388 donis.'
1742 1346 1823 1387 620

156 1415 236 1464 cui
271 1433 354 1464 rex
387 1417 591 1466 aetherii
627 1418 838 1468 breviter
874 1419 944 1468 sic
979 1421 1107 1468 fatur
1143 1420 1374 1483 Olympi:

159 1496 398 1546 ‘simora
432 1499 701 1560 praesentis
738 1500 822 1548 leti
858 1509 1154 1564 tempusque
1190 1503 1381 1550 caduco

155 1587 318 1626 oratur
352 1578 518 1627 iuveni
554 1597 733 1643 meque
770 1582 866 1629 hoc
902 1581 971 1629 ita
1005 1598 1190 1644 ponere
1226 1582 1390 1641 sentis,

154 1662 271 1708 tolle
306 1662 419 1723 fuga
454 1663 680 1709 Turnum
716 1671 866 1725 atque
901 1662 1197 1712 instantibus
1234 1663 1367 1727 eripe
1396 1662 1537 1712 fatis:

154 1742 392 1790 hactenus
429 1741 691 1792 indulsisse
727 1753 881 1792 vacat.
956 1744 1031 1793 sin
1066 1745 1210 1795 altior
1244 1744 1348 1793 istis
1740 1752 1819 1803 625

155 1825 246 1872 sub
282 1824 510 1886 precibus
546 1825 690 1874 venia
726 1828 825 1874 ulla
860 1829 978 1875 latet
1013 1836 1273 1890 totumque
1310 1827 1496 1876 moveri

154 1905 391 1954 mutarive
427 1915 570 1969 putas
608 1907 806 1966 bellum,
847 1924 959 1970 spes
995 1908 1155 1971 pascis
1192 1908 1381 1956 inanis.'

154 1995 203 2034 et
240 1989 369 2035 Iuno
405 1988 762 2037 adlacrimans:
818 1989 964 2051 ‘quid
1001 1988 1054 2047 si,
1095 2005 1222 2051 quae
1257 2005 1380 2037 voce
1416 1988 1639 2051 gravaris,

154 2076 321 2116 mente
357 2069 498 2117 dares
534 2078 683 2131 atque
721 2071 844 2118 haec
880 2071 1052 2117 Turno
1088 2078 1191 2117 rata
1225 2068 1325 2117 vita
1360 2071 1618 2116 maneret?

154 2165 286 2196 nunc
323 2158 490 2198 manet
526 2149 775 2198 insontem
811 2149 968 2213 gravis
1005 2149 1174 2208 exitus,
1214 2159 1299 2197 aut
1334 2166 1425 2211 ego
1461 2149 1562 2197 veri
1740 2156 1822 2207 630

153 2245 279 2277 vana
314 2231 453 2278 feror.
527 2233 664 2293 quod
700 2240 755 2279 ut
790 2248 821 2279 o
857 2230 1021 2294 potius
1057 2229 1321 2279 formidine
1356 2232 1477 2278 falsa

153 2311 304 2369 ludar,
345 2320 394 2359 et
430 2311 481 2359 in
517 2312 691 2361 melius
728 2322 824 2371 tua,
865 2312 950 2375 qui
986 2320 1140 2375 potes,
1181 2328 1290 2360 orsa
1325 2313 1575 2359 reflectas!

223 2394 365 2440 Haec
402 2393 488 2440 ubi
523 2393 657 2442 dicta
692 2394 844 2453 dedit,
884 2396 1021 2442 caelo
1058 2410 1111 2442 se
1146 2392 1369 2456 protinus
1404 2393 1504 2440 alto

154 2472 285 2521 misit
319 2490 469 2536 agens
505 2474 722 2523 hiemem
757 2474 930 2523 nimbo
967 2474 1219 2523 succincta
1253 2491 1340 2537 per
1374 2490 1528 2531 auras,

155 2554 457 2618 Iliacamque
492 2556 651 2605 aciem
687 2565 736 2605 et
772 2556 1036 2605 Laurentia
1073 2566 1230 2605 castra
1265 2555 1447 2619 petivit.
1737 2563 1817 2615 635

154 2644 259 2682 tum
296 2637 390 2684 dea
424 2638 559 2685 nube
594 2653 714 2685 cava
750 2645 950 2686 tenuem
988 2637 1094 2686 sine
1129 2637 1312 2686 viribus
1349 2637 1576 2685 umbram

153 2714 203 2762 in
240 2716 415 2765 faciem
451 2720 653 2766 Aeneae
690 2718 817 2782 (visu
854 2718 1075 2767 mirabile
1112 2718 1409 2781 monstrum)

154 2797 417 2846 Dardaniis
455 2808 595 2847 ornat
630 2799 751 2857 telis,
791 2799 1104 2862 clipeumque
1140 2799 1381 2862 iubasque

200 2920 394 2969 607-638
425 2918 557 2958 MPR
672 2920 752 2957 612
784 2921 914 2974 dicta]
939 2922 1053 2962 iussa
1073 2921 1134 2974 M,
1158 2923 1202 2961 t‘n
1226 2937 1307 2974 quo
1329 2924 1421 2962 iura
1441 2922 1563 2962 latere
1581 2923 1816 2973 suspicatur

147 2973 369 3024 Nettleship
450 2976 529 3022 614
561 2973 711 3013 Foret!
742 2973 897 3012 Brosin
919 2975 1110 3015 Deutz'cke
1134 2989 1236 3026 1904
1320 2979 1396 3015 621
1422 2977 1533 3016 fatus
1553 2975 1811 3026 M²R7²a²b⁷r
