2014 3372
1363 156 1724 206 AENEIDOS
1761 156 1836 203 VI

166 296 404 347 attonitae
439 312 618 359 magna
653 311 739 345 ora
774 296 985 344 domus)
1055 304 1103 344 et
1139 294 1254 344 talia
1276 296 1389 344 *fata

167 377 417 427 conticuit.
490 376 682 440 gelidus
718 375 924 425 Teucris
960 393 1047 439 per
1082 377 1206 425 dura
1240 375 1453 425 cucurrit

166 475 279 507 ossa
314 468 509 517 tremor,
548 457 1019 520 funditque-preces
1056 474 1139 506 rex
1174 466 1375 520 pectore
1410 457 1474 505 ab
1509 456 1643 506 imo:
1785 478 1834 518 55

169 544 180 566 ‘
200 541 417 600 Phoebe,
455 539 612 603 gravis
648 539 828 588 Troiae
864 556 1059 602 semper
1094 539 1321 588 miserate
1356 540 1563 599 labores,

166 624 401 672 Dardana
437 622 522 686 qui
559 622 747 671 Paridis
784 623 970 672 derexti
1006 625 1103 672 tela
1138 640 1415 686 manusque

166 720 343 766 corpus
379 704 429 751 in
467 704 730 764 Aeacidae,
771 721 974 767 magnas
1010 704 1248 753 obeuntia
1283 714 1433 753 terras

163 795 238 834 tot
274 786 426 834 maria
460 785 635 834 intravi
671 788 800 834 duce
835 795 884 834 te
920 785 1217 849 penitusque
1258 796 1479 850 repostas

165 864 440 930 Massylum
476 867 635 930 gentis
673 877 1028 930 praetentaque
1065 868 1286 930 Syrtibus
1322 885 1465 917 arva:
1781 876 1835 917 60

163 948 261 996 iam
300 951 503 998 tandem
543 949 717 999 Italiae
753 950 983 1013 fugientis
1019 950 1309 1013 prendimus
1346 968 1470 1010 oras,

162 1031 257 1078 hac
293 1031 510 1079 Troiana
546 1041 690 1080 tenus
727 1031 871 1080 fuerit
907 1034 1103 1080 fortuna
1140 1041 1321 1081 secuta.

161 1128 249 1159 vos
286 1129 487 1175 quoque
525 1116 822 1177 Pergameae
858 1113 957 1161 iam
992 1115 1066 1162 fas
1103 1123 1176 1162 est
1212 1130 1411 1177 parcere
1446 1113 1594 1178 genti,

162 1192 313 1255 dique
350 1195 574 1257 deaeque
610 1212 800 1254 omnes,
840 1194 1021 1257 quibus
1059 1195 1250 1243 obstitit
1288 1195 1437 1243 Ilium
1474 1205 1523 1244 et
1558 1195 1731 1258 ingens

160 1274 313 1336 gloria
351 1275 645 1324 Dardaniae.
721 1286 888 1339 tuque,
928 1293 959 1324 o
997 1276 1306 1325 sanctissima
1340 1285 1490 1336 vates,
1780 1285 1829 1336 65

159 1356 379 1418 praescia
413 1357 617 1417 venturi,
658 1359 722 1406 da
760 1357 883 1422 (non
920 1357 1143 1407 indebita
1179 1375 1334 1421 posco

159 1453 309 1499 regna
344 1438 466 1487 meis
502 1438 634 1503 fatis)
674 1439 816 1488 Latio
853 1439 1112 1488 considere
1148 1442 1369 1488 Teucros

161 1518 463 1581 errantisque
500 1522 622 1568 deos
658 1520 938 1584 agitataque
975 1520 1181 1569 numina
1217 1520 1409 1569 Troiae.

159 1608 265 1647 tum
303 1601 509 1649 Phoebo
546 1610 595 1649 et
631 1601 826 1650 Triviae
864 1601 1025 1650 solido
1063 1603 1127 1650 de
1163 1618 1407 1650 marmore
1443 1603 1686 1664 templum

157 1680 409 1729 instituam
446 1684 698 1745 festosque
734 1682 840 1731 dies
877 1684 941 1731 de
978 1682 1182 1731 nomine
1220 1683 1423 1732 Phoebi.
1779 1701 1829 1741 70

158 1771 206 1810 te
243 1779 444 1825 quoque
481 1780 660 1827 magna
695 1773 898 1812 manent
934 1763 1095 1827 regnis
1132 1764 1401 1827 penetralia
1437 1763 1645 1813 nostris:

157 1841 238 1890 hic
276 1859 367 1906 ego
404 1860 621 1906 namque
657 1853 765 1892 tuas
803 1844 945 1893 sortis
982 1860 1261 1907 arcanaque
1297 1846 1396 1893 fata

157 1922 290 1971 dicta
325 1940 464 1972 meae
500 1924 634 1987 genti
670 1941 869 1987 ponam,
908 1926 1164 1988 lectosque
1201 1925 1418 1984 sacrabo,

155 2007 297 2065 alma,
336 2006 477 2055 viros.
552 2006 680 2055 foliis
717 2016 910 2055 tantum
947 2024 1011 2055 ne
1048 2006 1266 2055 carmina
1302 2008 1500 2066 manda,

155 2103 219 2134 ne
256 2087 449 2134 turbata
484 2089 652 2135 volent
688 2087 871 2150 rapidis
908 2087 1121 2136 ludibria
1156 2087 1346 2136 ventis:
1777 2107 1823 2149 75

155 2166 262 2229 ipsa
299 2184 446 2216 canas
484 2171 602 2217 oro.'
673 2170 824 2217 finem
862 2169 1002 2218 dedit
1038 2185 1122 2217 ore
1158 2168 1409 2232 loquendi.

222 2251 290 2296 At
326 2249 518 2298 Phoebi
555 2252 782 2299 nondum
819 2250 1010 2313 patiens
1046 2250 1276 2298 immanis
1313 2249 1363 2297 in
1399 2259 1541 2298 antro

155 2330 424 2379 bacchatur
459 2341 606 2391 vates,
648 2349 883 2395 magnum
922 2332 962 2380 si
999 2342 1198 2395 pectore
1234 2331 1390 2394 possit

155 2413 424 2461 excussisse
462 2415 613 2462 deum
631 2433 644 2474 3
694 2423 832 2463 tanto
869 2414 1023 2477 magis
1060 2414 1142 2463 ille
1178 2413 1351 2476 fatigat·

155 2508 210 2540 os
246 2493 487 2553 rabidum,
529 2496 630 2543 fera
666 2497 818 2544 corda
853 2497 1077 2553 domans,
1117 2494 1356 2558 fingitque
1393 2496 1678 2557 premendo.
1772 2505 1824 2543 80

154 2572 279 2620 ostia
314 2573 512 2637 iamque
549 2577 728 2624 domus
766 2584 967 2638 patuere
1003 2574 1222 2638 ingentia
1257 2584 1457 2623 centum

154 2664 331 2716 sponte
367 2672 455 2703 sua
489 2657 712 2720 vatisque
750 2660 912 2706 ferunt
947 2674 1184 2721 responsa
1221 2675 1307 2721 per
1341 2674 1511 2705 auras:

157 2740 216 2784 ‘o
253 2738 455 2785 tandem
493 2738 683 2800 magnis
720 2738 880 2801 pelagi
917 2741 1151 2788 defuncte
1187 2738 1380 2802 periclis

151 2815 265 2882 (sed
300 2826 455 2866 terrae
490 2817 712 2880 graviora
747 2818 984 2884 manent),
1024 2820 1075 2867 in
1112 2837 1260 2882 regna
1297 2818 1470 2866 Lavini

207 2947 342 2995 53—84
362 2945 493 2985 MPR
686 2958 737 2996 57
769 2948 939 2987 derexti
959 2947 1129 2987 Ribbeck
1147 2963 1156 2987 :
1187 2948 1341 3002 direxti
1362 2947 1475 2988 codd.
1587 2949 1641 2997 69
1661 2947 1818 2999 templa

152 2997 293 3049 P7bcn
401 3001 454 3049 84
484 3006 597 3040 terra
616 3001 762 3052 R7²bc,
784 3006 1007 3052 utrumque
1025 3004 1209 3054 agnoscit
1227 3002 1342 3042 Serv.

1625 3064 1700 3104 16*
