2020 3372
1463 145 1749 195 ECLOGA
1791 145 1817 192 Ι

239 277 392 355 ¹saepe
422 290 518 340 levi
554 307 786 340 somnum
824 288 1052 339 suadebit
1089 286 1212 337 inire
1250 304 1479 337 susurro:
1761 305 1810 346 55

242 372 359 420 hinc
395 374 494 420 alta
529 372 622 420 sub
659 388 780 434 rupe
816 379 960 419 canet
997 371 1253 419 frondator
1288 371 1354 419 ad
1388 385 1562 428 auras,

244 470 338 502 nec
375 463 543 501 tamen
580 452 766 500 interea
802 467 993 510 raucae,
1036 459 1121 499 tua
1158 467 1287 509 cura,
1328 449 1605 512 palumbes,

244 551 338 583 nec
373 550 569 597 gemere
604 532 733 581 aeria
770 532 982 581 cessabit
1019 540 1176 580 turtur
1211 532 1276 580 ab
1308 533 1458 580 ulmo.

149 623 193 663 T.
246 620 379 665 Ante
414 618 546 664 leves
583 632 698 678 ergo
734 623 998 678 pascentur
1034 614 1085 662 in
1123 615 1322 662 aethere
1358 613 1502 672 cervi,

245 707 294 746 et
329 699 451 745 freta
488 696 757 745 destituent
794 697 958 744 nudos
995 695 1047 743 in
1084 695 1225 743 litore
1262 695 1425 758 piscis,
1759 701 1812 743 60

244 789 359 828 ante
395 778 650 842 pererratis
686 778 948 827 amborum
985 777 1167 825 finibus
1204 779 1341 826 exsul

163 875 175 914 1
244 871 328 909 aut
362 859 553 909 Ararim
592 861 800 908 Parthus
837 859 976 907 bibet
1012 867 1097 907 aut
1135 858 1402 907 Germania
1438 856 1639 922 Tigrim,

247 960 397 1006 quam
434 951 602 990 nostro
634 941 762 989 illius
800 941 992 989 labatur
1028 950 1229 1003 pectore
1265 942 1440 988 vultus.

143 1034 203 1073 M.
246 1029 313 1074 At
349 1033 440 1073 nos
477 1019 603 1071 hinc*
627 1022 710 1071 alii
747 1021 955 1071 sitientis
992 1022 1174 1071 ibimus
1211 1024 1372 1081 Afros,

246 1127 356 1173 pars
394 1107 644 1171 Scythiam
682 1116 731 1155 et
768 1106 995 1169 rapidum
1034 1115 1196 1155 cretae
1233 1105 1488 1154 veniemus
1528 1106 1702 1155 Oaxen
1762 1113 1813 1166 65

246 1203 295 1241 et
330 1191 527 1255 penitus
565 1199 671 1239 toto
710 1189 893 1238 divisos
934 1190 1054 1238 orbe
1093 1189 1370 1238 Britannos.
1476 1179 1478 1181 .

248 1291 311 1323 en
347 1289 586 1336 umquam
623 1271 805 1334 patrios
844 1273 994 1334 longo
1032 1281 1144 1334 post
1184 1280 1406 1334 tempore
1443 1271 1568 1325 finis.

245 1353 474 1418 pauperis
513 1362 561 1401 et
599 1351 759 1415 tuguri
798 1362 1090 1415 congestum
1128 1352 1344 1414 caespite
1376 1354 1592 1412 culmen,

246 1445 359 1498 post
395 1435 596 1497 aliquot,
640 1450 751 1481 mea
788 1450 949 1495 regna,
989 1433 1164 1482 videns
1203 1432 1418 1481 mirabor
1451 1432 1660 1482 aristas?

247 1515 427 1579 impius
464 1517 588 1563 haec
625 1523 727 1562 tam
767 1516 900 1562 culta
937 1513 1132 1562 novalia
1169 1514 1310 1562 miles
1346 1513 1562 1572 habebit,
1773 1531 1822 1575 70

245 1598 481 1649 barbarus
518 1598 608 1644 has
647 1604 866 1658 segetes:
905 1612 967 1644 en
1005 1611 1106 1657 quo
1143 1595 1391 1644 discordia
1427 1594 1545 1644 civis

248 1678 478 1743 produxit
518 1678 755 1727 miseros:
795 1677 872 1726 his
908 1695 999 1727 nos
1037 1677 1351 1727 consevimus
1388 1682 1561 1740 agros!

247 1762 407 1811 insere
445 1778 593 1821 nunc,
636 1760 901 1819 Meliboee,
944 1760 1089 1823 piros,
1128 1777 1262 1823 pone
1298 1759 1472 1808 ordine
1507 1759 1630 1809 vitis.

246 1843 313 1892 ite
349 1860 504 1903 meae,
547 1844 803 1906 quondam
842 1841 957 1890 felix
992 1858 1158 1904 pecus,
1198 1842 1265 1890 ite
1301 1844 1531 1904 capellae.

247 1942 350 1973 non
387 1940 479 1988 ego
516 1941 603 1973 vos
643 1925 851 1988 posthac
891 1923 1032 1972 viridi
1069 1923 1318 1986 proiectus
1354 1923 1404 1971 in
1441 1933 1583 1973 antro
1772 1943 1818 1986 75

248 2008 460 2056 dumosa
496 2008 713 2069 pendere
753 2008 926 2069 procul
965 2008 1029 2055 de
1065 2023 1186 2068 rupe
1221 2005 1403 2054 videbo
1421 2025 1434 2066 3

248 2088 467 2137 carmina
503 2091 639 2137 nulla
678 2106 854 2137 canam
872 2107 885 2149 3
924 2105 1027 2137 non
1065 2105 1145 2136 me
1184 2098 1432 2150 pascente,
1472 2090 1705 2151 capellae,

248 2172 507 2219 florentem
546 2170 756 2233 cytisum
796 2179 845 2219 et
884 2169 1056 2219 salices
1100 2169 1308 2232 carpetis
1345 2186 1547 2217 amaras.

153 2258 196 2298 T.
250 2251 353 2299 Hic
389 2261 556 2300 tamen
594 2253 723 2299 hanc
762 2268 959 2300 mecum
1000 2260 1196 2313 poteras
1235 2250 1541 2313 requiescere
1577 2260 1776 2300 noctem

248 2335 424 2382 fronde
460 2349 606 2396 super
642 2333 813 2382 viridi:
855 2342 968 2381 sunt
1008 2332 1152 2381 nobis
1190 2331 1328 2379 mitia
1362 2348 1526 2394 poma,
1771 2343 1821 2381 80

249 2423 508 2464 castaneae
545 2417 718 2463 molles
757 2424 806 2463 et
843 2415 997 2478 pressi
1038 2410 1181 2477 copia
1218 2413 1371 2473 lactis,

249 2505 297 2543 et
326 2494 431 2544 'iam
468 2512 662 2544 summa
697 2498 870 2558 procul
907 2496 1131 2544 villarum
1170 2494 1388 2543 culmina
1424 2497 1629 2555 fumant,

250 2577 558 2640 maioresque
595 2580 781 2627 cadunt
816 2578 925 2627 altis
964 2580 1027 2627 de
1065 2578 1320 2627 montibus
1357 2578 1575 2626 umbrae.

203 2722 226 2757 5
231 2710 338 2757 5—83
352 2708 435 2746 PR
679 2721 732 2759 59
761 2715 993 2759 pascuntur
1011 2709 1054 2746 P
1164 2723 1350 2760 aequore
1375 2709 1613 2747 Moretanus
1632 2712 1817 2759 quartus,

148 2762 316 2802 Ribbeck
425 2765 478 2812 63
497 2762 691 2802 labantur
702 2762 762 2800 1³²
875 2765 927 2813 65
958 2769 1101 2802 cretae
1117 2763 1246 2812 Serv„
1268 2765 1341 2814 qui
1357 2763 1459 2802 ‘hoc
1475 2768 1539 2801 est
1553 2763 1819 2812 lutulentum,

148 2818 262 2866 quod
288 2817 395 2867 rapit
425 2818 607 2856 cretam’
639 2818 945 2868 interpretatur:
990 2818 1144 2857 Cretae
1173 2818 1323 2868 vulgo:
1374 2823 1490 2856 certe
1519 2817 1742 2868 veniemus
1769 2817 1822 2855 ad

150 2871 294 2910 Oxum
310 2871 512 2922 Schaper:
543 2872 718 2911 Geticae
731 2873 951 2911 veniemus
968 2873 1021 2911 ad
1041 2872 1182 2911 Oxum
1198 2872 1342 2910 Heller
1458 2885 1508 2921 72
1529 2871 1727 2921 perduxit
1741 2870 1824 2922 '7²²⁷‘

149 2925 216 2964 his
238 2939 316 2964 nos
337 2924 467 2965 PRb:
504 2939 559 2965 en
590 2927 685 2975 quis
705 2940 752 2965 cn
773 2927 891 2965 schol.
915 2926 1038 2965 Bern.
1062 2939 1118 2978 γα
1147 2926 1191 2965 in
1217 2939 1366 2965 rasura
1487 2939 1537 2976 74
1568 2926 1669 2965 felix
1689 2938 1822 2975 quon·

151 2980 247 3018 dam
267 2979 409 3019 Rabcrr
534 2994 586 3031 79
616 2980 746 3033 hanc]
767 2981 847 3020 hac
867 2980 996 3020 a²b²crr
1120 2986 1244 3020 nocte
1264 2980 1408 3021 P²a²b2
1538 2983 1591 3031 83
1621 2980 1695 3033 de]
1717 2994 1742 3019 a
1760 2978 1820 3017 Pl

1665 3055 1715 3095 1*
