2046 3380
258 154 310 201 P.
351 154 650 203 VERGILI
691 155 1017 204 MARONIS

257 296 623 358 speluncaeque
659 305 826 359 tegant
863 305 911 344 et
949 312 1093 345 saxea
1128 298 1369 360 procubet
1405 299 1593 348 umbra.
1750 363 1753 366 Δ
1852 318 1929 361 145

259 384 330 423 est
366 377 503 425 lucos
541 376 681 426 Silari
718 376 847 425 circa
884 376 1180 441 ilicibusque
1215 378 1454 428 virentem

257 456 495 518 plurimus
532 459 815 506 Alburnum
851 457 1076 518 volitans,
1116 458 1197 507 cui
1233 476 1418 508 nomen
1454 460 1577 509 asilo

258 540 545 587 Romanum
583 548 670 599 est,
709 548 928 588 oestrum
966 539 1083 589 Grai
1118 550 1304 589 vertere
1340 551 1588 602 vocantes,

257 636 411 682 asper,
450 620 627 669 acerba
665 637 862 680 sonans,
904 638 1004 684 quo
1042 630 1145 670 tota
1182 621 1406 671 exterrita
1443 622 1573 671 silvis

257 700 520 764 diffugiunt
555 711 792 762 armenta,
833 702 947 751 furit
985 702 1253 766 mugitibus
1290 705 1460 752 aether
1854 724 1931 767 150

257 799 529 832 concussus
567 783 818 847 silvaeque
855 794 903 833 et
940 784 1057 833 sicci
1093 785 1197 847 ripa
1235 785 1460 849 Tanagri.

256 865 352 912 hoc
389 866 645 926 quondam
682 874 906 914 monstro
943 865 1187 914 horribilis
1225 866 1439 915 exercuit
1475 866 1567 916 iras

258 944 493 993 Inachiae
532 948 662 994 Iuno
698 955 892 1010 pestem
930 947 1167 996 meditata
1202 947 1451 997 iuvencae.

255 1028 389 1075 hunc
427 1043 628 1090 quoque
667 1027 804 1092 (nam
842 1028 1018 1076 mediis
1056 1028 1327 1077 fervoribus
1363 1029 1520 1078 acrior
1555 1029 1724 1083 instat)

255 1107 443 1156 arcebis
480 1107 682 1170 gravido
717 1108 898 1171 pecori,
937 1119 1260 1172 armentaque
1295 1127 1468 1172 pasces
1853 1131 1928 1173 155

255 1191 359 1238 sole
396 1206 567 1238 recens
604 1198 713 1238 orto
749 1199 834 1238 aut
870 1200 1070 1239 noctem
1108 1191 1406 1240 ducentibus
1444 1192 1596 1240 astris.

323 1274 442 1319 Post
478 1280 673 1333 partum
710 1288 827 1320 cura
862 1271 913 1319 in
949 1271 1128 1321 vitulos
1166 1272 1436 1321 traducitur
1473 1273 1668 1335 omnis3

255 1351 595 1415 continuoque
631 1362 773 1401 notas
811 1362 860 1401 et
895 1353 1100 1401 nomina
1135 1353 1294 1417 gentis
1331 1353 1545 1414 inurunt,

255 1442 303 1481 et
340 1450 464 1496 quos
500 1442 585 1482 aut
621 1433 788 1496 pecori
825 1434 997 1482 malint
1035 1434 1340 1483 summittere
1377 1436 1612 1484 habendo

255 1524 339 1563 aut
375 1515 469 1564 aris
506 1532 697 1564 servare
734 1532 897 1564 sacros
934 1524 1019 1564 aut
1057 1515 1282 1564 scindere
1327 1524 1504 1564 terram
1850 1526 1929 1566 160

255 1606 304 1645 et
340 1613 574 1660 campum
611 1598 895 1645 horrentem
931 1596 1095 1646 fractis
1133 1596 1372 1646 invertere
1408 1597 1607 1660 glaebis.

254 1687 416 1727 cetera
451 1687 721 1741 pascuntur
756 1677 923 1727 viridis
960 1688 1183 1727 armenta
1218 1695 1305 1742 per
1341 1680 1550 1728 herbas:

254 1770 306 1808 tu
345 1776 469 1822 quos
505 1762 570 1809 ad
607 1759 827 1808 studium
863 1769 1012 1823 atque
1048 1778 1194 1809 usum
1239 1760 1473 1809 formabis
1509 1770 1751 1825 agrestem

253 1841 351 1890 iam
387 1841 567 1891 vitulos
603 1844 798 1891 hortare
834 1842 1065 1906 viamque
1101 1842 1271 1892 insiste
1307 1843 1560 1902 domandi,
1632 1853 1636 1855 “

254 1925 375 1971 dum
412 1923 579 1971 faciles
615 1923 767 1971 animi
804 1923 1053 1985 iuvenum,
1096 1926 1217 1973 dum
1255 1924 1452 1973 mobilis
1487 1934 1634 1973 aetas.
1849 1934 1924 1987 165

252 2021 311 2052 ac
347 2004 561 2067 primum
598 2007 733 2054 laxos
770 2005 907 2053 tenui
944 2007 1007 2054 de
1042 2005 1227 2054 vimine
1263 2005 1437 2054 circlos

254 2084 431 2134 cervici
467 2087 707 2135 subnecte
725 2105 738 2147 3
787 2086 984 2146 dehinc,
1024 2086 1110 2135 ubi
1147 2087 1300 2136 libera
1335 2089 1463 2136 colla

255 2166 451 2216 servitio
487 2167 754 2227 adsuerint,
794 2167 911 2230 ipsis
950 2186 978 2216 e
1014 2169 1271 2231 torquibus
1308 2179 1450 2231 aptos

252 2248 400 2311 iunge
435 2265 589 2311 pares,
630 2257 679 2297 et
714 2265 837 2312 coge
871 2250 1078 2311 gradum
1116 2251 1337 2298 conferre
1373 2249 1608 2299 iuvencos
1625 2268 1639 2310 ;

253 2339 403 2394 atque
439 2329 533 2378 illis
570 2329 669 2378 iam
707 2346 855 2392 saepe
892 2339 1028 2378 rotae
1066 2332 1310 2379 ducantur
1345 2330 1517 2379 inanes
1847 2349 1926 2392 170

254 2428 341 2474 per
377 2420 568 2470 terram,
608 2420 657 2459 et
693 2428 890 2459 summo
926 2411 1130 2474 vestigia
1166 2414 1365 2474 pulvere
1401 2412 1607 2476 signent.

253 2502 364 2555 post
399 2492 564 2541 valido
601 2492 764 2541 nitens
801 2493 894 2541 sub
930 2494 1153 2555 pondere
1188 2492 1379 2556 faginus
1415 2493 1517 2542 axis

253 2573 504 2636 instrepat,
544 2582 592 2622 et
628 2573 823 2622 iunctos
861 2583 996 2622 temo
1035 2576 1194 2622 trahat
1229 2591 1399 2622 aereus
1435 2573 1581 2623 orbis.

252 2656 439 2704 interea
474 2654 595 2718 pubi
631 2654 905 2704 indomitae
943 2673 1045 2704 non
1083 2655 1304 2718 gramina
1338 2664 1532 2703 tantum

310 2797 384 2834 145
408 2783 559 2829 MPR;
595 2786 781 2833 146—174
812 2783 978 2822 FMPR
1152 2796 1227 2833 145
1258 2785 1463 2833 procubet
1493 2781 1642 2821 M³PR
1657 2782 1773 2823 Serv.
1796 2784 1916 2824 schol.

251 2840 372 2878 Bern.
398 2854 407 2878 ε
437 2840 621 2888 protegit
644 2837 696 2876 M
700 2839 736 2878 1:
769 2844 968 2888 protegat
989 2837 1042 2876 M
1045 2839 1059 2861 ²
1231 2851 1308 2888 150
1339 2839 1442 2888 sugit
1461 2837 1527 2889 F7
1695 2850 1770 2887 154
1802 2837 1919 2889 nam]

171 2894 176 2898 ⁴
252 2907 344 2932 cum
366 2893 420 2931 F1
446 2897 492 2930 ut
510 2893 589 2932 vid.
723 2905 799 2942 155
831 2894 1059 2943 pecorique
1082 2891 1135 2930 M
1138 2891 1153 2914 ²
1173 2907 1181 2931 :
1214 2894 1382 2942 pecoris
1403 2892 1445 2930 P
1525 2891 1662 2941 pascis
1681 2891 1724 2929 F
1844 2893 1921 2940 163

252 2949 390 2986 studia
407 2947 512 2998 FR7
530 2947 709 2999 (marg.)
731 2947 778 2984 b²
987 2949 1065 2986 166
1087 2947 1238 2985 circlos
1259 2946 1465 2997 F²M2R7
1480 2945 1643 2984 Nom‘us
1662 2945 1776 2985 Serv.
1797 2946 1915 2986 schol.

251 3002 373 3041 Bern.
396 3016 403 3039 ε
439 3002 591 3040 criclos
612 3000 666 3038 M
669 3001 680 3023 ¹
699 3015 708 3039 ε
741 3002 875 3040 circos
895 3001 938 3039 F
942 3001 1026 3052 1ΡὙ
1044 3002 1222 3053 (marg.)
1396 3002 1473 3038 168
1502 3001 1621 3050 ipsos
1648 3000 1832 3052 lVagner
