<?xml version="1.0" encoding="UTF-8"?>
<!DOCTYPE html PUBLIC "-//W3C//DTD XHTML 1.0 Transitional//EN"
    "http://www.w3.org/TR/xhtml1/DTD/xhtml1-transitional.dtd">
<html xmlns="http://www.w3.org/1999/xhtml" xml:lang="en" lang="en">
 <head>
  <title>
</title>
<meta http-equiv="Content-Type" content="text/html;charset=utf-8" />
  <meta name='ocr-system' content='tesseract 3.04.00' />
  <meta name='ocr-capabilities' content='ocr_page ocr_carea ocr_par ocr_line ocrx_word'/>
</head>
<body>
  <div class='ocr_page' id='page_1' title='image "./operarecognovitb00virguoft/operarecognovitb00virguoft_0173.png"; bbox 0 0 2014 3372; ppageno 0'>
   <div class='ocr_carea' id='block_1_1' title="bbox 1345 166 1802 216">
    <p class='ocr_par' dir='ltr' id='par_1_1' title="bbox 1345 166 1802 216">
     <span class='ocr_line' id='line_1_1' title="bbox 1345 166 1802 216; baseline 0.002 -3"><span class='ocrx_word' id='word_1_1' title='bbox 1345 166 1706 216; x_wconf 89' lang='lat' dir='ltr'><strong>AENEIDOS</strong></span> <span class='ocrx_word' id='word_1_2' title='bbox 1747 167 1802 214; x_wconf 97' lang='lat' dir='ltr'>II</span> 
     </span>
    </p>
   </div>
   <div class='ocr_carea' id='block_1_2' title="bbox 120 301 1800 2969">
    <p class='ocr_par' dir='ltr' id='par_1_2' title="bbox 134 301 1681 366">
     <span class='ocr_line' id='line_1_2' title="bbox 134 301 1681 366; baseline 0.001 -13"><span class='ocrx_word' id='word_1_3' title='bbox 134 313 307 353; x_wconf 87' lang='lat' dir='ltr'>natum</span> <span class='ocrx_word' id='word_1_4' title='bbox 342 312 457 353; x_wconf 89' lang='lat' dir='ltr'>ante</span> <span class='ocrx_word' id='word_1_5' title='bbox 493 320 577 352; x_wconf 91' lang='lat' dir='ltr'>ora</span> <span class='ocrx_word' id='word_1_6' title='bbox 612 301 776 366; x_wconf 90' lang='lat' dir='ltr'>patris,</span> <span class='ocrx_word' id='word_1_7' title='bbox 816 311 1006 366; x_wconf 90' lang='lat' dir='ltr'>patrem</span> <span class='ocrx_word' id='word_1_8' title='bbox 1042 302 1127 366; x_wconf 92' lang='lat' dir='ltr'>qui</span> <span class='ocrx_word' id='word_1_9' title='bbox 1164 303 1425 352; x_wconf 84' lang='lat' dir='ltr'>obtruncat</span> <span class='ocrx_word' id='word_1_10' title='bbox 1460 306 1526 353; x_wconf 92' lang='lat' dir='ltr'>ad</span> <span class='ocrx_word' id='word_1_11' title='bbox 1561 321 1681 354; x_wconf 89' lang='lat' dir='ltr'>aras.</span> 
     </span>
    </p>

    <p class='ocr_par' dir='ltr' id='par_1_3' title="bbox 134 385 1624 450">
     <span class='ocr_line' id='line_1_3' title="bbox 134 385 1624 450; baseline 0 -15"><span class='ocrx_word' id='word_1_12' title='bbox 134 387 231 435; x_wconf 91' lang='lat' dir='ltr'>hoc</span> <span class='ocrx_word' id='word_1_13' title='bbox 268 395 383 446; x_wconf 87' lang='lat' dir='ltr'>erat,</span> <span class='ocrx_word' id='word_1_14' title='bbox 421 387 550 434; x_wconf 92' lang='lat' dir='ltr'>alma</span> <span class='ocrx_word' id='word_1_15' title='bbox 586 402 776 449; x_wconf 90' lang='lat' dir='ltr'>parens,</span> <span class='ocrx_word' id='word_1_16' title='bbox 816 386 952 448; x_wconf 93' lang='lat' dir='ltr'>quod</span> <span class='ocrx_word' id='word_1_17' title='bbox 989 402 1069 434; x_wconf 94' lang='lat' dir='ltr'>me</span> <span class='ocrx_word' id='word_1_18' title='bbox 1105 402 1191 448; x_wconf 92' lang='lat' dir='ltr'>per</span> <span class='ocrx_word' id='word_1_19' title='bbox 1228 387 1336 445; x_wconf 89' lang='lat' dir='ltr'>tela,</span> <span class='ocrx_word' id='word_1_20' title='bbox 1376 402 1464 448; x_wconf 90' lang='lat' dir='ltr'>per</span> <span class='ocrx_word' id='word_1_21' title='bbox 1499 385 1624 450; x_wconf 87' lang='lat' dir='ltr'>ignis</span> 
     </span>
    </p>

    <p class='ocr_par' dir='ltr' id='par_1_4' title="bbox 134 465 1799 528">
     <span class='ocr_line' id='line_1_4' title="bbox 134 465 1799 528; baseline 0.001 -14"><span class='ocrx_word' id='word_1_22' title='bbox 134 466 291 528; x_wconf 90' lang='lat' dir='ltr'>eripis,</span> <span class='ocrx_word' id='word_1_23' title='bbox 332 475 386 514; x_wconf 96' lang='lat' dir='ltr'>ut</span> <span class='ocrx_word' id='word_1_24' title='bbox 422 466 598 514; x_wconf 90' lang='lat' dir='ltr'>mediis</span> <span class='ocrx_word' id='word_1_25' title='bbox 635 467 830 514; x_wconf 88' lang='lat' dir='ltr'>hostem</span> <span class='ocrx_word' id='word_1_26' title='bbox 866 465 918 513; x_wconf 92' lang='lat' dir='ltr'>in</span> <span class='ocrx_word' id='word_1_27' title='bbox 954 465 1287 528; x_wconf 84' lang='lat' dir='ltr'>penetralibus</span> <span class='ocrx_word' id='word_1_28' title='bbox 1324 475 1478 528; x_wconf 91' lang='lat' dir='ltr'>utque</span> <span class='ocrx_word' id='word_1_29' title='bbox 1719 475 1799 528; x_wconf 89' lang='lat'>665</span> 
     </span>
    </p>

    <p class='ocr_par' dir='ltr' id='par_1_5' title="bbox 131 546 1478 611">
     <span class='ocr_line' id='line_1_5' title="bbox 131 546 1478 611; baseline 0 -16"><span class='ocrx_word' id='word_1_30' title='bbox 131 547 403 596; x_wconf 85' lang='lat' dir='ltr'><strong>Ascanium</strong></span> <span class='ocrx_word' id='word_1_31' title='bbox 440 557 729 611; x_wconf 90' lang='lat' dir='ltr'>patremque</span> <span class='ocrx_word' id='word_1_32' title='bbox 765 563 934 595; x_wconf 90' lang='lat' dir='ltr'>meum</span> <span class='ocrx_word' id='word_1_33' title='bbox 970 546 1202 610; x_wconf 87' lang='lat' dir='ltr'>iuxtaque</span> <span class='ocrx_word' id='word_1_34' title='bbox 1239 549 1478 598; x_wconf 84' lang='lat' dir='ltr'>Creusam</span> 
     </span>
    </p>

    <p class='ocr_par' dir='ltr' id='par_1_6' title="bbox 131 628 1490 692">
     <span class='ocr_line' id='line_1_6' title="bbox 131 628 1490 692; baseline 0.001 -16"><span class='ocrx_word' id='word_1_35' title='bbox 131 630 339 677; x_wconf 90' lang='lat' dir='ltr'>alterum</span> <span class='ocrx_word' id='word_1_36' title='bbox 376 628 427 676; x_wconf 94' lang='lat' dir='ltr'>in</span> <span class='ocrx_word' id='word_1_37' title='bbox 462 629 660 677; x_wconf 90' lang='lat' dir='ltr'>alterius</span> <span class='ocrx_word' id='word_1_38' title='bbox 697 637 937 677; x_wconf 90' lang='lat' dir='ltr'>mactatos</span> <span class='ocrx_word' id='word_1_39' title='bbox 975 628 1213 692; x_wconf 87' lang='lat' dir='ltr'>sanguine</span> <span class='ocrx_word' id='word_1_40' title='bbox 1250 631 1490 678; x_wconf 87' lang='lat' dir='ltr'>cernam?</span> 
     </span>
    </p>

    <p class='ocr_par' dir='ltr' id='par_1_7' title="bbox 131 709 1502 770">
     <span class='ocr_line' id='line_1_7' title="bbox 131 709 1502 770; baseline 0.001 -13"><span class='ocrx_word' id='word_1_41' title='bbox 131 725 279 769; x_wconf 90' lang='lat' dir='ltr'>arma,</span> <span class='ocrx_word' id='word_1_42' title='bbox 318 709 417 769; x_wconf 90' lang='lat' dir='ltr'>viri,</span> <span class='ocrx_word' id='word_1_43' title='bbox 458 712 578 758; x_wconf 89' lang='lat' dir='ltr'>ferte</span> <span class='ocrx_word' id='word_1_44' title='bbox 614 726 750 758; x_wconf 88' lang='lat' dir='ltr'>arma</span> <span class='ocrx_word' id='word_1_45' title='bbox 766 728 779 770; x_wconf 84' lang='grc'>,-</span> <span class='ocrx_word' id='word_1_46' title='bbox 826 719 970 758; x_wconf 90' lang='lat' dir='ltr'>vocat</span> <span class='ocrx_word' id='word_1_47' title='bbox 1005 711 1089 758; x_wconf 84' lang='lat' dir='ltr'>lux</span> <span class='ocrx_word' id='word_1_48' title='bbox 1124 710 1298 759; x_wconf 86' lang='lat' dir='ltr'>ultima</span> <span class='ocrx_word' id='word_1_49' title='bbox 1332 710 1502 760; x_wconf 91' lang='lat' dir='ltr'>victos.</span> 
     </span>
    </p>

    <p class='ocr_par' dir='ltr' id='par_1_8' title="bbox 131 790 1439 851">
     <span class='ocr_line' id='line_1_8' title="bbox 131 790 1439 851; baseline 0.002 -13"><span class='ocrx_word' id='word_1_50' title='bbox 131 790 323 839; x_wconf 91' lang='lat' dir='ltr'>reddite</span> <span class='ocrx_word' id='word_1_51' title='bbox 360 808 439 839; x_wconf 86' lang='lat' dir='ltr'>me</span> <span class='ocrx_word' id='word_1_52' title='bbox 477 791 663 839; x_wconf 88' lang='lat' dir='ltr'>Danais</span> <span class='ocrx_word' id='word_1_53' title='bbox 685 809 699 851; x_wconf 82' lang='lat'>;</span> <span class='ocrx_word' id='word_1_54' title='bbox 746 790 892 839; x_wconf 89' lang='lat' dir='ltr'>sinite</span> <span class='ocrx_word' id='word_1_55' title='bbox 927 790 1195 839; x_wconf 90' lang='lat' dir='ltr'>instaurata</span> <span class='ocrx_word' id='word_1_56' title='bbox 1230 791 1439 840; x_wconf 90' lang='lat' dir='ltr'>revisam</span> 
     </span>
    </p>

    <p class='ocr_par' dir='ltr' id='par_1_9' title="bbox 130 870 1800 1015">
     <span class='ocr_line' id='line_1_9' title="bbox 130 870 1800 934; baseline 0.003 -17"><span class='ocrx_word' id='word_1_57' title='bbox 130 870 329 932; x_wconf 89' lang='lat' dir='ltr'>proelia.</span> <span class='ocrx_word' id='word_1_58' title='bbox 403 888 676 934; x_wconf 85' lang='lat' dir='ltr'>numquam</span> <span class='ocrx_word' id='word_1_59' title='bbox 715 887 889 919; x_wconf 91' lang='lat' dir='ltr'>omnes</span> <span class='ocrx_word' id='word_1_60' title='bbox 925 871 1077 920; x_wconf 85' lang='lat' dir='ltr'>hodie</span> <span class='ocrx_word' id='word_1_61' title='bbox 1113 871 1380 921; x_wconf 90' lang='lat' dir='ltr'>moriemur</span> <span class='ocrx_word' id='word_1_62' title='bbox 1414 872 1587 921; x_wconf 88' lang='lat' dir='ltr'>inulti.&#39;</span> <span class='ocrx_word' id='word_1_63' title='bbox 1719 881 1800 934; x_wconf 88' lang='lat'>670</span> 
     </span>
     <span class='ocr_line' id='line_1_10' title="bbox 201 951 1548 1015; baseline 0.001 -17"><span class='ocrx_word' id='word_1_64' title='bbox 201 951 338 999; x_wconf 94' lang='lat' dir='ltr'>Hinc</span> <span class='ocrx_word' id='word_1_65' title='bbox 375 953 501 999; x_wconf 90' lang='lat' dir='ltr'>ferro</span> <span class='ocrx_word' id='word_1_66' title='bbox 536 951 769 1015; x_wconf 88' lang='lat' dir='ltr'>accingor</span> <span class='ocrx_word' id='word_1_67' title='bbox 804 968 967 1000; x_wconf 89' lang='lat' dir='ltr'>rursus</span> <span class='ocrx_word' id='word_1_68' title='bbox 1004 951 1266 1015; x_wconf 89' lang='lat' dir='ltr'>clipeoque</span> <span class='ocrx_word' id='word_1_69' title='bbox 1302 952 1548 1001; x_wconf 89' lang='lat' dir='ltr'>sinistram</span> 
     </span>
    </p>

    <p class='ocr_par' dir='ltr' id='par_1_10' title="bbox 130 1031 1460 1095">
     <span class='ocr_line' id='line_1_11' title="bbox 130 1031 1460 1095; baseline 0.002 -15"><span class='ocrx_word' id='word_1_70' title='bbox 130 1031 429 1081; x_wconf 86' lang='lat' dir='ltr'>insertabam</span> <span class='ocrx_word' id='word_1_71' title='bbox 466 1042 641 1095; x_wconf 90' lang='lat' dir='ltr'>aptans</span> <span class='ocrx_word' id='word_1_72' title='bbox 678 1050 859 1095; x_wconf 92' lang='lat' dir='ltr'>meque</span> <span class='ocrx_word' id='word_1_73' title='bbox 895 1042 1028 1082; x_wconf 85' lang='lat' dir='ltr'>extra</span> <span class='ocrx_word' id='word_1_74' title='bbox 1064 1042 1194 1082; x_wconf 91' lang='lat' dir='ltr'>tecta</span> <span class='ocrx_word' id='word_1_75' title='bbox 1229 1034 1460 1083; x_wconf 90' lang='lat' dir='ltr'>ferebam.</span> 
     </span>
    </p>

    <p class='ocr_par' dir='ltr' id='par_1_11' title="bbox 129 1113 1476 1176">
     <span class='ocr_line' id='line_1_12' title="bbox 129 1113 1476 1176; baseline 0 -15"><span class='ocrx_word' id='word_1_76' title='bbox 129 1130 246 1161; x_wconf 92' lang='lat' dir='ltr'>ecce</span> <span class='ocrx_word' id='word_1_77' title='bbox 281 1123 447 1162; x_wconf 92' lang='lat' dir='ltr'>autem</span> <span class='ocrx_word' id='word_1_78' title='bbox 483 1115 742 1176; x_wconf 86' lang='lat' dir='ltr'>complexa</span> <span class='ocrx_word' id='word_1_79' title='bbox 777 1116 931 1176; x_wconf 90' lang='lat' dir='ltr'>pedes</span> <span class='ocrx_word' id='word_1_80' title='bbox 966 1113 1018 1161; x_wconf 92' lang='lat' dir='ltr'>in</span> <span class='ocrx_word' id='word_1_81' title='bbox 1054 1113 1224 1163; x_wconf 88' lang='lat' dir='ltr'>limine</span> <span class='ocrx_word' id='word_1_82' title='bbox 1260 1113 1476 1162; x_wconf 90' lang='lat' dir='ltr'>coniunx</span> 
     </span>
    </p>

    <p class='ocr_par' dir='ltr' id='par_1_12' title="bbox 129 1195 1388 1257">
     <span class='ocr_line' id='line_1_13' title="bbox 129 1195 1388 1257; baseline 0.002 -16"><span class='ocrx_word' id='word_1_83' title='bbox 129 1195 376 1253; x_wconf 89' lang='lat' dir='ltr'>haerebat,</span> <span class='ocrx_word' id='word_1_84' title='bbox 414 1210 720 1257; x_wconf 90' lang='lat' dir='ltr'>parvumque</span> <span class='ocrx_word' id='word_1_85' title='bbox 756 1195 881 1256; x_wconf 89' lang='lat' dir='ltr'>patri</span> <span class='ocrx_word' id='word_1_86' title='bbox 916 1195 1155 1243; x_wconf 91' lang='lat' dir='ltr'>tendebat</span> <span class='ocrx_word' id='word_1_87' title='bbox 1193 1197 1388 1243; x_wconf 87' lang='lat' dir='ltr'>Iulum:</span> 
     </span>
    </p>

    <p class='ocr_par' dir='ltr' id='par_1_13' title="bbox 134 1275 1793 1339">
     <span class='ocr_line' id='line_1_14' title="bbox 134 1275 1793 1339; baseline 0.001 -16"><span class='ocrx_word' id='word_1_88' title='bbox 134 1275 199 1323; x_wconf 90' lang='lat' dir='ltr'>‘si</span> <span class='ocrx_word' id='word_1_89' title='bbox 234 1275 476 1338; x_wconf 90' lang='lat' dir='ltr'>periturus</span> <span class='ocrx_word' id='word_1_90' title='bbox 513 1275 632 1335; x_wconf 87' lang='lat' dir='ltr'>abis,</span> <span class='ocrx_word' id='word_1_91' title='bbox 674 1284 722 1324; x_wconf 89' lang='lat' dir='ltr'>et</span> <span class='ocrx_word' id='word_1_92' title='bbox 759 1292 849 1324; x_wconf 91' lang='lat' dir='ltr'>nos</span> <span class='ocrx_word' id='word_1_93' title='bbox 885 1292 1002 1339; x_wconf 86' lang='lat' dir='ltr'>rape</span> <span class='ocrx_word' id='word_1_94' title='bbox 1037 1275 1090 1323; x_wconf 93' lang='lat' dir='ltr'>in</span> <span class='ocrx_word' id='word_1_95' title='bbox 1126 1275 1294 1324; x_wconf 92' lang='lat' dir='ltr'>omnia</span> <span class='ocrx_word' id='word_1_96' title='bbox 1330 1285 1530 1337; x_wconf 80' lang='lat' dir='ltr'>tecum3</span> <span class='ocrx_word' id='word_1_97' title='bbox 1714 1285 1793 1338; x_wconf 81' lang='lat'>675</span> 
     </span>
    </p>

    <p class='ocr_par' dir='ltr' id='par_1_14' title="bbox 128 1357 1611 1421">
     <span class='ocr_line' id='line_1_15' title="bbox 128 1357 1611 1421; baseline 0.001 -16"><span class='ocrx_word' id='word_1_98' title='bbox 128 1357 203 1406; x_wconf 91' lang='lat' dir='ltr'>sin</span> <span class='ocrx_word' id='word_1_99' title='bbox 239 1358 457 1420; x_wconf 89' lang='lat' dir='ltr'>aliquam</span> <span class='ocrx_word' id='word_1_100' title='bbox 493 1367 721 1420; x_wconf 88' lang='lat' dir='ltr'>expertus</span> <span class='ocrx_word' id='word_1_101' title='bbox 759 1358 967 1421; x_wconf 91' lang='lat' dir='ltr'>sumptis</span> <span class='ocrx_word' id='word_1_102' title='bbox 1005 1374 1145 1421; x_wconf 91' lang='lat' dir='ltr'>spem</span> <span class='ocrx_word' id='word_1_103' title='bbox 1182 1357 1326 1421; x_wconf 89' lang='lat' dir='ltr'>ponis</span> <span class='ocrx_word' id='word_1_104' title='bbox 1363 1358 1414 1406; x_wconf 90' lang='lat' dir='ltr'>in</span> <span class='ocrx_word' id='word_1_105' title='bbox 1449 1358 1611 1419; x_wconf 87' lang='lat' dir='ltr'>armis,</span> 
     </span>
    </p>

    <p class='ocr_par' dir='ltr' id='par_1_15' title="bbox 127 1438 1522 1503">
     <span class='ocr_line' id='line_1_16' title="bbox 127 1438 1522 1503; baseline 0.001 -17"><span class='ocrx_word' id='word_1_106' title='bbox 127 1440 256 1487; x_wconf 91' lang='lat' dir='ltr'>hanc</span> <span class='ocrx_word' id='word_1_107' title='bbox 292 1438 507 1503; x_wconf 91' lang='lat' dir='ltr'>primum</span> <span class='ocrx_word' id='word_1_108' title='bbox 544 1448 702 1487; x_wconf 90' lang='lat' dir='ltr'>tutare</span> <span class='ocrx_word' id='word_1_109' title='bbox 738 1441 960 1488; x_wconf 90' lang='lat' dir='ltr'>domum.</span> <span class='ocrx_word' id='word_1_110' title='bbox 1035 1438 1115 1487; x_wconf 91' lang='lat' dir='ltr'>cui</span> <span class='ocrx_word' id='word_1_111' title='bbox 1151 1455 1328 1502; x_wconf 91' lang='lat' dir='ltr'>parvus</span> <span class='ocrx_word' id='word_1_112' title='bbox 1367 1441 1522 1499; x_wconf 86' lang='lat' dir='ltr'>Iulus,</span> 
     </span>
    </p>

    <p class='ocr_par' dir='ltr' id='par_1_16' title="bbox 128 1519 1656 1664">
     <span class='ocr_line' id='line_1_17' title="bbox 128 1519 1656 1585; baseline 0.001 -17"><span class='ocrx_word' id='word_1_113' title='bbox 128 1519 207 1568; x_wconf 91' lang='lat' dir='ltr'>cui</span> <span class='ocrx_word' id='word_1_114' title='bbox 243 1528 381 1585; x_wconf 93' lang='lat' dir='ltr'>pater</span> <span class='ocrx_word' id='word_1_115' title='bbox 416 1529 464 1568; x_wconf 90' lang='lat' dir='ltr'>et</span> <span class='ocrx_word' id='word_1_116' title='bbox 501 1519 718 1568; x_wconf 88' lang='lat' dir='ltr'>coniunx</span> <span class='ocrx_word' id='word_1_117' title='bbox 755 1522 1011 1583; x_wconf 90' lang='lat' dir='ltr'>quondam</span> <span class='ocrx_word' id='word_1_118' title='bbox 1047 1529 1133 1568; x_wconf 89' lang='lat' dir='ltr'>tua</span> <span class='ocrx_word' id='word_1_119' title='bbox 1169 1519 1302 1568; x_wconf 92' lang='lat' dir='ltr'>dicta</span> <span class='ocrx_word' id='word_1_120' title='bbox 1338 1520 1626 1583; x_wconf 87' lang='lat' dir='ltr'>relinquor?</span> <span class='ocrx_word' id='word_1_121' title='bbox 1646 1523 1656 1543; x_wconf 83' lang='grc'><strong><em>’</em></strong></span> 
     </span>
     <span class='ocr_line' id='line_1_18' title="bbox 193 1600 1544 1664; baseline 0.001 -16"><span class='ocrx_word' id='word_1_122' title='bbox 193 1601 334 1649; x_wconf 90' lang='lat' dir='ltr'>Talia</span> <span class='ocrx_word' id='word_1_123' title='bbox 369 1600 641 1649; x_wconf 87' lang='lat' dir='ltr'>vociferans</span> <span class='ocrx_word' id='word_1_124' title='bbox 677 1601 864 1664; x_wconf 87' lang='lat' dir='ltr'>gemitu</span> <span class='ocrx_word' id='word_1_125' title='bbox 902 1610 1088 1649; x_wconf 88' lang='lat' dir='ltr'>tectum</span> <span class='ocrx_word' id='word_1_126' title='bbox 1125 1617 1275 1649; x_wconf 88' lang='lat' dir='ltr'>omne</span> <span class='ocrx_word' id='word_1_127' title='bbox 1311 1602 1544 1663; x_wconf 87' lang='lat' dir='ltr'>replebat,</span> 
     </span>
    </p>

    <p class='ocr_par' dir='ltr' id='par_1_17' title="bbox 125 1681 1794 1744">
     <span class='ocr_line' id='line_1_19' title="bbox 125 1681 1794 1744; baseline 0.001 -14"><span class='ocrx_word' id='word_1_128' title='bbox 125 1698 240 1731; x_wconf 91' lang='lat' dir='ltr'>cum</span> <span class='ocrx_word' id='word_1_129' title='bbox 278 1681 496 1730; x_wconf 91' lang='lat' dir='ltr'>subitum</span> <span class='ocrx_word' id='word_1_130' title='bbox 534 1681 771 1744; x_wconf 87' lang='lat' dir='ltr'>dictuque</span> <span class='ocrx_word' id='word_1_131' title='bbox 808 1682 959 1730; x_wconf 89' lang='lat' dir='ltr'>oritur</span> <span class='ocrx_word' id='word_1_132' title='bbox 995 1681 1218 1729; x_wconf 89' lang='lat' dir='ltr'>mirabile</span> <span class='ocrx_word' id='word_1_133' title='bbox 1255 1690 1543 1730; x_wconf 90' lang='lat' dir='ltr'>monstrum.</span> <span class='ocrx_word' id='word_1_134' title='bbox 1713 1691 1794 1732; x_wconf 90' lang='lat'>680</span> 
     </span>
    </p>

    <p class='ocr_par' dir='ltr' id='par_1_18' title="bbox 126 1762 1572 1826">
     <span class='ocr_line' id='line_1_20' title="bbox 126 1762 1572 1826; baseline 0 -15"><span class='ocrx_word' id='word_1_135' title='bbox 126 1779 342 1826; x_wconf 90' lang='lat' dir='ltr'>namque</span> <span class='ocrx_word' id='word_1_136' title='bbox 379 1779 555 1810; x_wconf 91' lang='lat' dir='ltr'>manus</span> <span class='ocrx_word' id='word_1_137' title='bbox 591 1762 719 1811; x_wconf 92' lang='lat' dir='ltr'>inter</span> <span class='ocrx_word' id='word_1_138' title='bbox 756 1772 1156 1824; x_wconf 89' lang='lat' dir='ltr'>maestorumque</span> <span class='ocrx_word' id='word_1_139' title='bbox 1193 1779 1277 1810; x_wconf 93' lang='lat' dir='ltr'>ora</span> <span class='ocrx_word' id='word_1_140' title='bbox 1312 1772 1572 1825; x_wconf 92' lang='lat' dir='ltr'>parentum</span> 
     </span>
    </p>

    <p class='ocr_par' dir='ltr' id='par_1_19' title="bbox 126 1843 1251 1893">
     <span class='ocr_line' id='line_1_21' title="bbox 126 1843 1251 1893; baseline -0.002 0"><span class='ocrx_word' id='word_1_141' title='bbox 126 1861 243 1893; x_wconf 93' lang='lat' dir='ltr'>ecce</span> <span class='ocrx_word' id='word_1_142' title='bbox 278 1844 396 1893; x_wconf 89' lang='lat' dir='ltr'>levis</span> <span class='ocrx_word' id='word_1_143' title='bbox 434 1861 631 1893; x_wconf 92' lang='lat' dir='ltr'>summo</span> <span class='ocrx_word' id='word_1_144' title='bbox 667 1846 732 1893; x_wconf 93' lang='lat' dir='ltr'>de</span> <span class='ocrx_word' id='word_1_145' title='bbox 768 1843 948 1892; x_wconf 89' lang='lat' dir='ltr'>vertice</span> <span class='ocrx_word' id='word_1_146' title='bbox 983 1844 1116 1892; x_wconf 89' lang='lat' dir='ltr'>visus</span> <span class='ocrx_word' id='word_1_147' title='bbox 1155 1844 1251 1892; x_wconf 92' lang='lat' dir='ltr'>Iuli</span> 
     </span>
    </p>

    <p class='ocr_par' dir='ltr' id='par_1_20' title="bbox 124 1925 1413 1989">
     <span class='ocr_line' id='line_1_22' title="bbox 124 1925 1413 1989; baseline 0 -16"><span class='ocrx_word' id='word_1_148' title='bbox 124 1927 330 1974; x_wconf 86' lang='lat' dir='ltr'>fundere</span> <span class='ocrx_word' id='word_1_149' title='bbox 365 1928 534 1974; x_wconf 90' lang='lat' dir='ltr'>lumen</span> <span class='ocrx_word' id='word_1_150' title='bbox 569 1943 706 1989; x_wconf 86' lang='lat' dir='ltr'>apex,</span> <span class='ocrx_word' id='word_1_151' title='bbox 747 1935 980 1988; x_wconf 91' lang='lat' dir='ltr'>tactuque</span> <span class='ocrx_word' id='word_1_152' title='bbox 1016 1925 1216 1974; x_wconf 84' lang='lat' dir='ltr'>innoxia</span> <span class='ocrx_word' id='word_1_153' title='bbox 1252 1925 1413 1974; x_wconf 91' lang='lat' dir='ltr'>mollis</span> 
     </span>
    </p>

    <p class='ocr_par' dir='ltr' id='par_1_21' title="bbox 124 2007 1532 2070">
     <span class='ocr_line' id='line_1_23' title="bbox 124 2007 1532 2070; baseline 0 -15"><span class='ocrx_word' id='word_1_154' title='bbox 124 2008 341 2056; x_wconf 89' lang='lat' dir='ltr'>lambere</span> <span class='ocrx_word' id='word_1_155' title='bbox 378 2009 578 2056; x_wconf 90' lang='lat' dir='ltr'>flamma</span> <span class='ocrx_word' id='word_1_156' title='bbox 613 2024 782 2056; x_wconf 91' lang='lat' dir='ltr'>comas</span> <span class='ocrx_word' id='word_1_157' title='bbox 820 2017 867 2056; x_wconf 93' lang='lat' dir='ltr'>et</span> <span class='ocrx_word' id='word_1_158' title='bbox 904 2007 1089 2055; x_wconf 91' lang='lat' dir='ltr'>circum</span> <span class='ocrx_word' id='word_1_159' title='bbox 1125 2016 1350 2070; x_wconf 87' lang='lat' dir='ltr'>tempora</span> <span class='ocrx_word' id='word_1_160' title='bbox 1384 2007 1532 2069; x_wconf 88' lang='lat' dir='ltr'>pasci.</span> 
     </span>
    </p>

    <p class='ocr_par' dir='ltr' id='par_1_22' title="bbox 124 2087 1788 2151">
     <span class='ocr_line' id='line_1_24' title="bbox 124 2087 1788 2151; baseline 0.002 -16"><span class='ocrx_word' id='word_1_161' title='bbox 124 2104 215 2136; x_wconf 92' lang='lat' dir='ltr'>nos</span> <span class='ocrx_word' id='word_1_162' title='bbox 252 2087 417 2151; x_wconf 91' lang='lat' dir='ltr'>pavidi</span> <span class='ocrx_word' id='word_1_163' title='bbox 453 2088 697 2150; x_wconf 89' lang='lat' dir='ltr'>trepidare</span> <span class='ocrx_word' id='word_1_164' title='bbox 734 2097 870 2136; x_wconf 91' lang='lat' dir='ltr'>metu</span> <span class='ocrx_word' id='word_1_165' title='bbox 907 2087 1196 2150; x_wconf 88' lang='lat' dir='ltr'>crinemque</span> <span class='ocrx_word' id='word_1_166' title='bbox 1228 2089 1515 2150; x_wconf 90' lang='lat' dir='ltr'>flagrantem</span> <span class='ocrx_word' id='word_1_167' title='bbox 1710 2097 1788 2150; x_wconf 84' lang='lat'>685</span> 
     </span>
    </p>

    <p class='ocr_par' dir='ltr' id='par_1_23' title="bbox 123 2169 1434 2232">
     <span class='ocr_line' id='line_1_25' title="bbox 123 2169 1434 2232; baseline 0 -14"><span class='ocrx_word' id='word_1_168' title='bbox 123 2179 351 2218; x_wconf 87' lang='lat' dir='ltr'>excutere</span> <span class='ocrx_word' id='word_1_169' title='bbox 387 2179 435 2218; x_wconf 90' lang='lat' dir='ltr'>et</span> <span class='ocrx_word' id='word_1_170' title='bbox 472 2178 669 2218; x_wconf 89' lang='lat' dir='ltr'>sanctos</span> <span class='ocrx_word' id='word_1_171' title='bbox 706 2169 1005 2232; x_wconf 88' lang='lat' dir='ltr'>restinguere</span> <span class='ocrx_word' id='word_1_172' title='bbox 1041 2169 1259 2218; x_wconf 90' lang='lat' dir='ltr'>fontibus</span> <span class='ocrx_word' id='word_1_173' title='bbox 1297 2169 1434 2232; x_wconf 86' lang='lat' dir='ltr'>ignis.</span> 
     </span>
    </p>

    <p class='ocr_par' dir='ltr' id='par_1_24' title="bbox 123 2251 1323 2314">
     <span class='ocr_line' id='line_1_26' title="bbox 123 2251 1323 2314; baseline 0.002 -16"><span class='ocrx_word' id='word_1_174' title='bbox 123 2259 172 2299; x_wconf 91' lang='lat' dir='ltr'>at</span> <span class='ocrx_word' id='word_1_175' title='bbox 207 2260 345 2314; x_wconf 89' lang='lat' dir='ltr'>pater</span> <span class='ocrx_word' id='word_1_176' title='bbox 379 2251 624 2299; x_wconf 87' lang='lat' dir='ltr'>Anchises</span> <span class='ocrx_word' id='word_1_177' title='bbox 662 2253 833 2300; x_wconf 92' lang='lat' dir='ltr'>oculos</span> <span class='ocrx_word' id='word_1_178' title='bbox 870 2253 934 2299; x_wconf 90' lang='lat' dir='ltr'>ad</span> <span class='ocrx_word' id='word_1_179' title='bbox 971 2251 1131 2300; x_wconf 90' lang='lat' dir='ltr'>sidera</span> <span class='ocrx_word' id='word_1_180' title='bbox 1166 2253 1323 2300; x_wconf 89' lang='lat' dir='ltr'>laetus</span> 
     </span>
    </p>

    <p class='ocr_par' dir='ltr' id='par_1_25' title="bbox 123 2333 1365 2395">
     <span class='ocr_line' id='line_1_27' title="bbox 123 2333 1365 2395; baseline 0.002 -16"><span class='ocrx_word' id='word_1_181' title='bbox 123 2333 293 2380; x_wconf 88' lang='lat' dir='ltr'>extulit</span> <span class='ocrx_word' id='word_1_182' title='bbox 330 2341 377 2380; x_wconf 95' lang='lat' dir='ltr'>et</span> <span class='ocrx_word' id='word_1_183' title='bbox 414 2335 551 2381; x_wconf 90' lang='lat' dir='ltr'>caelo</span> <span class='ocrx_word' id='word_1_184' title='bbox 587 2335 775 2395; x_wconf 90' lang='lat' dir='ltr'>palmas</span> <span class='ocrx_word' id='word_1_185' title='bbox 813 2350 928 2381; x_wconf 93' lang='lat' dir='ltr'>cum</span> <span class='ocrx_word' id='word_1_186' title='bbox 964 2350 1087 2381; x_wconf 91' lang='lat' dir='ltr'>voce</span> <span class='ocrx_word' id='word_1_187' title='bbox 1123 2334 1365 2381; x_wconf 90' lang='lat' dir='ltr'>tetendit:</span> 
     </span>
    </p>

    <p class='ocr_par' dir='ltr' id='par_1_26' title="bbox 127 2413 1496 2476">
     <span class='ocr_line' id='line_1_28' title="bbox 127 2413 1496 2476; baseline 0.001 -17"><span class='ocrx_word' id='word_1_188' title='bbox 127 2413 378 2475; x_wconf 90' lang='lat' dir='ltr'>‘Iuppiter</span> <span class='ocrx_word' id='word_1_189' title='bbox 413 2414 743 2476; x_wconf 88' lang='lat' dir='ltr'>omnipotens,</span> <span class='ocrx_word' id='word_1_190' title='bbox 785 2413 1014 2476; x_wconf 88' lang='lat' dir='ltr'>precibus</span> <span class='ocrx_word' id='word_1_191' title='bbox 1052 2413 1092 2461; x_wconf 88' lang='lat' dir='ltr'>si</span> <span class='ocrx_word' id='word_1_192' title='bbox 1127 2413 1336 2462; x_wconf 90' lang='lat' dir='ltr'>flecteris</span> <span class='ocrx_word' id='word_1_193' title='bbox 1373 2413 1496 2472; x_wconf 92' lang='lat' dir='ltr'>ullis,</span> 
     </span>
    </p>

    <p class='ocr_par' dir='ltr' id='par_1_27' title="bbox 121 2492 1788 2558">
     <span class='ocr_line' id='line_1_29' title="bbox 121 2492 1788 2558; baseline 0.002 -18"><span class='ocrx_word' id='word_1_194' title='bbox 121 2492 286 2555; x_wconf 86' lang='lat' dir='ltr'>aspice</span> <span class='ocrx_word' id='word_1_195' title='bbox 322 2510 425 2552; x_wconf 92' lang='lat' dir='ltr'>nos,</span> <span class='ocrx_word' id='word_1_196' title='bbox 466 2495 563 2541; x_wconf 92' lang='lat' dir='ltr'>hoc</span> <span class='ocrx_word' id='word_1_197' title='bbox 599 2503 806 2553; x_wconf 88' lang='lat' dir='ltr'>tantum,</span> <span class='ocrx_word' id='word_1_198' title='bbox 846 2503 895 2542; x_wconf 90' lang='lat' dir='ltr'>et</span> <span class='ocrx_word' id='word_1_199' title='bbox 931 2493 972 2542; x_wconf 92' lang='lat' dir='ltr'>si</span> <span class='ocrx_word' id='word_1_200' title='bbox 1008 2493 1189 2556; x_wconf 91' lang='lat' dir='ltr'>pietate</span> <span class='ocrx_word' id='word_1_201' title='bbox 1227 2511 1484 2553; x_wconf 92' lang='lat' dir='ltr'>meremur,</span> <span class='ocrx_word' id='word_1_202' title='bbox 1706 2503 1788 2558; x_wconf 91' lang='lat'>690</span> 
     </span>
    </p>

    <p class='ocr_par' dir='ltr' id='par_1_28' title="bbox 122 2573 1657 2718">
     <span class='ocr_line' id='line_1_30' title="bbox 122 2573 1657 2637; baseline 0.001 -17"><span class='ocrx_word' id='word_1_203' title='bbox 122 2574 186 2621; x_wconf 93' lang='lat' dir='ltr'>da</span> <span class='ocrx_word' id='word_1_204' title='bbox 222 2573 402 2622; x_wconf 90' lang='lat' dir='ltr'>deinde</span> <span class='ocrx_word' id='word_1_205' title='bbox 438 2573 709 2637; x_wconf 89' lang='lat' dir='ltr'>augurium,</span> <span class='ocrx_word' id='word_1_206' title='bbox 749 2583 900 2637; x_wconf 91' lang='lat' dir='ltr'>pater,</span> <span class='ocrx_word' id='word_1_207' title='bbox 939 2583 1089 2637; x_wconf 92' lang='lat' dir='ltr'>atque</span> <span class='ocrx_word' id='word_1_208' title='bbox 1125 2576 1249 2623; x_wconf 87' lang='lat' dir='ltr'>haec</span> <span class='ocrx_word' id='word_1_209' title='bbox 1285 2575 1453 2623; x_wconf 88' lang='lat' dir='ltr'>omina</span> <span class='ocrx_word' id='word_1_210' title='bbox 1488 2576 1657 2623; x_wconf 89' lang='lat' dir='ltr'>firma.&#39;</span> 
     </span>
     <span class='ocr_line' id='line_1_31' title="bbox 188 2652 1418 2718; baseline 0.003 -19"><span class='ocrx_word' id='word_1_211' title='bbox 188 2652 284 2699; x_wconf 88' lang='lat' dir='ltr'>Vix</span> <span class='ocrx_word' id='word_1_212' title='bbox 320 2669 378 2701; x_wconf 91' lang='lat' dir='ltr'>ea</span> <span class='ocrx_word' id='word_1_213' title='bbox 413 2655 539 2702; x_wconf 89' lang='lat' dir='ltr'>fatus</span> <span class='ocrx_word' id='word_1_214' title='bbox 577 2663 679 2702; x_wconf 88' lang='lat' dir='ltr'>erat</span> <span class='ocrx_word' id='word_1_215' title='bbox 714 2654 890 2714; x_wconf 91' lang='lat' dir='ltr'>senior,</span> <span class='ocrx_word' id='word_1_216' title='bbox 929 2654 1194 2718; x_wconf 91' lang='lat' dir='ltr'>subitoque</span> <span class='ocrx_word' id='word_1_217' title='bbox 1230 2657 1418 2717; x_wconf 88' lang='lat' dir='ltr'>fragore</span> 
     </span>
    </p>

    <p class='ocr_par' dir='ltr' id='par_1_29' title="bbox 120 2733 1785 2915">
     <span class='ocr_line' id='line_1_32' title="bbox 120 2733 1470 2798; baseline 0.003 -18"><span class='ocrx_word' id='word_1_218' title='bbox 120 2733 335 2782; x_wconf 91' lang='lat' dir='ltr'>intonuit</span> <span class='ocrx_word' id='word_1_219' title='bbox 371 2736 577 2793; x_wconf 91' lang='lat' dir='ltr'>laevum,</span> <span class='ocrx_word' id='word_1_220' title='bbox 617 2744 666 2783; x_wconf 94' lang='lat' dir='ltr'>et</span> <span class='ocrx_word' id='word_1_221' title='bbox 702 2737 765 2784; x_wconf 90' lang='lat' dir='ltr'>de</span> <span class='ocrx_word' id='word_1_222' title='bbox 801 2737 940 2785; x_wconf 90' lang='lat' dir='ltr'>caelo</span> <span class='ocrx_word' id='word_1_223' title='bbox 976 2737 1112 2798; x_wconf 90' lang='lat' dir='ltr'>lapsa</span> <span class='ocrx_word' id='word_1_224' title='bbox 1148 2753 1236 2798; x_wconf 91' lang='lat' dir='ltr'>per</span> <span class='ocrx_word' id='word_1_225' title='bbox 1272 2737 1470 2784; x_wconf 89' lang='lat' dir='ltr'>umbras</span> 
     </span>
     <span class='ocr_line' id='line_1_33' title="bbox 175 2861 1785 2915; baseline 0.002 -15"><span class='ocrx_word' id='word_1_226' title='bbox 175 2864 364 2912; x_wconf 88' lang='lat'><strong>663-672</strong></span> <span class='ocrx_word' id='word_1_227' title='bbox 379 2861 524 2909; x_wconf 81' lang='lat' dir='ltr'><em>MPV3</em></span> <span class='ocrx_word' id='word_1_228' title='bbox 546 2863 736 2912; x_wconf 86' lang='lat'><strong>673-693</strong></span> <span class='ocrx_word' id='word_1_229' title='bbox 757 2862 926 2901; x_wconf 89' lang='lat' dir='ltr'><em>FMPV</em></span> <span class='ocrx_word' id='word_1_230' title='bbox 1028 2865 1110 2912; x_wconf 85' lang='lat'>663</span> <span class='ocrx_word' id='word_1_231' title='bbox 1131 2870 1379 2913; x_wconf 83' lang='lat' dir='ltr'>patremque</span> <span class='ocrx_word' id='word_1_232' title='bbox 1396 2863 1475 2915; x_wconf 58' lang='lat' dir='ltr'>My</span> <span class='ocrx_word' id='word_1_233' title='bbox 1595 2866 1673 2913; x_wconf 90' lang='lat'>671</span> <span class='ocrx_word' id='word_1_234' title='bbox 1698 2865 1785 2904; x_wconf 86' lang='lat' dir='ltr'>cin·</span> 
     </span>
    </p>

    <p class='ocr_par' dir='ltr' id='par_1_30' title="bbox 121 2916 1786 2969">
     <span class='ocr_line' id='line_1_34' title="bbox 121 2916 1786 2969; baseline 0.002 -15"><span class='ocrx_word' id='word_1_235' title='bbox 121 2928 199 2964; x_wconf 88' lang='lat' dir='ltr'>gor</span> <span class='ocrx_word' id='word_1_236' title='bbox 227 2916 288 2954; x_wconf 90' lang='lat' dir='ltr'>Pl</span> <span class='ocrx_word' id='word_1_237' title='bbox 452 2918 534 2965; x_wconf 89' lang='lat'>678</span> <span class='ocrx_word' id='word_1_238' title='bbox 563 2917 780 2965; x_wconf 85' lang='lat' dir='ltr'>relinquar</span> <span class='ocrx_word' id='word_1_239' title='bbox 810 2916 863 2954; x_wconf 92' lang='lat' dir='ltr'><em>M</em></span> <span class='ocrx_word' id='word_1_240' title='bbox 867 2917 879 2939; x_wconf 80' lang='lat'><strong>¹</strong></span> <span class='ocrx_word' id='word_1_241' title='bbox 1045 2919 1127 2956; x_wconf 87' lang='lat'>680</span> <span class='ocrx_word' id='word_1_242' title='bbox 1156 2919 1296 2957; x_wconf 88' lang='lat' dir='ltr'>subito</span> <span class='ocrx_word' id='word_1_243' title='bbox 1317 2917 1533 2968; x_wconf 74' lang='lat' dir='ltr'><em>MPV7¹b1</em></span> <span class='ocrx_word' id='word_1_244' title='bbox 1704 2921 1786 2969; x_wconf 85' lang='lat'>683</span> 
     </span>
    </p>
   </div>
   <div class='ocr_carea' id='block_1_3' title="bbox 119 2969 1787 3064">
    <p class='ocr_par' dir='ltr' id='par_1_31' title="bbox 119 2969 1787 3064">
     <span class='ocr_line' id='line_1_35' title="bbox 120 2969 1787 3022; baseline 0.004 -16"><span class='ocrx_word' id='word_1_245' title='bbox 120 2970 234 3007; x_wconf 89' lang='lat' dir='ltr'>molli</span> <span class='ocrx_word' id='word_1_246' title='bbox 259 2969 298 3006; x_wconf 88' lang='lat' dir='ltr'><em>V</em></span> <span class='ocrx_word' id='word_1_247' title='bbox 325 2972 433 3022; x_wconf 83' lang='lat' dir='ltr'>(teste</span> <span class='ocrx_word' id='word_1_248' title='bbox 468 2969 628 3022; x_wconf 82' lang='lat' dir='ltr'>Hemy)</span> <span class='ocrx_word' id='word_1_249' title='bbox 664 2970 869 3010; x_wconf 83' lang='lat' dir='ltr'>deteriores</span> <span class='ocrx_word' id='word_1_250' title='bbox 894 2971 1023 3020; x_wconf 83' lang='lat' dir='ltr'>pauci</span> <span class='ocrx_word' id='word_1_251' title='bbox 1248 2974 1325 3022; x_wconf 91' lang='lat'>691</span> <span class='ocrx_word' id='word_1_252' title='bbox 1359 2973 1579 3021; x_wconf 87' lang='lat' dir='ltr'>augurium</span> <span class='ocrx_word' id='word_1_253' title='bbox 1598 2972 1758 3012; x_wconf 87' lang='lat' dir='ltr'>Probus</span> <span class='ocrx_word' id='word_1_254' title='bbox 1775 2987 1787 3011; x_wconf 66' lang='grc' dir='ltr'>ι</span> 
     </span>
     <span class='ocr_line' id='line_1_36' title="bbox 119 3023 451 3064; baseline 0.009 -3"><span class='ocrx_word' id='word_1_255' title='bbox 119 3023 323 3062; x_wconf 83' lang='lat' dir='ltr'>auxilium</span> <span class='ocrx_word' id='word_1_256' title='bbox 344 3024 451 3064; x_wconf 90' lang='lat' dir='ltr'>codd.</span> 
     </span>
    </p>
   </div>
  </div>
 </body>
</html>
