<?xml version="1.0" encoding="UTF-8"?>
<!DOCTYPE html PUBLIC "-//W3C//DTD XHTML 1.0 Transitional//EN"
    "http://www.w3.org/TR/xhtml1/DTD/xhtml1-transitional.dtd">
<html xmlns="http://www.w3.org/1999/xhtml" xml:lang="en" lang="en">
 <head>
  <title>
</title>
<meta http-equiv="Content-Type" content="text/html;charset=utf-8" />
  <meta name='ocr-system' content='tesseract 3.04.00' />
  <meta name='ocr-capabilities' content='ocr_page ocr_carea ocr_par ocr_line ocrx_word'/>
</head>
<body>
  <div class='ocr_page' id='page_1' title='image "./operarecognovitb00virguoft_0146.png"; bbox 0 0 2014 3372; ppageno 0'>
   <div class='ocr_carea' id='block_1_1' title="bbox 217 123 990 173">
    <p class='ocr_par' dir='ltr' id='par_1_1' title="bbox 217 123 990 173">
     <span class='ocr_line' id='line_1_1' title="bbox 217 123 990 173; baseline 0.001 -3"><span class='ocrx_word' id='word_1_1' title='bbox 217 123 269 172; x_wconf 89' lang='lat' dir='ltr'>P.</span> <span class='ocrx_word' id='word_1_2' title='bbox 318 123 621 172; x_wconf 91' lang='lat' dir='ltr'>VERGILI</span> <span class='ocrx_word' id='word_1_3' title='bbox 663 123 990 173; x_wconf 91' lang='lat' dir='ltr'>MARONIS</span> 
     </span>
    </p>
   </div>
   <div class='ocr_carea' id='block_1_2' title="bbox 212 262 1723 2802">
    <p class='ocr_par' dir='ltr' id='par_1_2' title="bbox 212 262 1723 2802">
     <span class='ocr_line' id='line_1_2' title="bbox 216 262 1602 328; baseline 0.001 -15"><span class='ocrx_word' id='word_1_4' title='bbox 216 281 370 328; x_wconf 88' lang='lat' dir='ltr'>quare</span> <span class='ocrx_word' id='word_1_5' title='bbox 409 263 550 328; x_wconf 90' lang='lat' dir='ltr'>agite,</span> <span class='ocrx_word' id='word_1_6' title='bbox 594 280 624 313; x_wconf 96' lang='lat' dir='ltr'>o</span> <span class='ocrx_word' id='word_1_7' title='bbox 663 262 818 323; x_wconf 87' lang='lat' dir='ltr'>tectis,</span> <span class='ocrx_word' id='word_1_8' title='bbox 860 262 1076 322; x_wconf 90' lang='lat' dir='ltr'>iuvenes,</span> <span class='ocrx_word' id='word_1_9' title='bbox 1118 263 1371 314; x_wconf 84' lang='lat' dir='ltr'>succedite</span> <span class='ocrx_word' id='word_1_10' title='bbox 1409 265 1602 315; x_wconf 90' lang='lat' dir='ltr'>nostris.</span> 
     </span>
     <span class='ocr_line' id='line_1_3' title="bbox 217 345 1566 410; baseline 0.001 -15"><span class='ocrx_word' id='word_1_11' title='bbox 217 364 298 395; x_wconf 90' lang='lat' dir='ltr'>me</span> <span class='ocrx_word' id='word_1_12' title='bbox 341 363 542 410; x_wconf 92' lang='lat' dir='ltr'>quoque</span> <span class='ocrx_word' id='word_1_13' title='bbox 579 363 667 409; x_wconf 92' lang='lat' dir='ltr'>per</span> <span class='ocrx_word' id='word_1_14' title='bbox 705 347 887 395; x_wconf 92' lang='lat' dir='ltr'>multos</span> <span class='ocrx_word' id='word_1_15' title='bbox 927 345 1099 395; x_wconf 87' lang='lat' dir='ltr'>similis</span> <span class='ocrx_word' id='word_1_16' title='bbox 1137 348 1334 396; x_wconf 90' lang='lat' dir='ltr'>fortuna</span> <span class='ocrx_word' id='word_1_17' title='bbox 1370 348 1566 398; x_wconf 91' lang='lat' dir='ltr'>labores</span> 
     </span>
     <span class='ocr_line' id='line_1_4' title="bbox 217 428 1510 480; baseline 0.002 -2"><span class='ocrx_word' id='word_1_18' title='bbox 217 429 452 478; x_wconf 88' lang='lat' dir='ltr'>iactatam</span> <span class='ocrx_word' id='word_1_19' title='bbox 492 431 586 478; x_wconf 90' lang='lat' dir='ltr'>hac</span> <span class='ocrx_word' id='word_1_20' title='bbox 625 430 832 478; x_wconf 92' lang='lat' dir='ltr'>demum</span> <span class='ocrx_word' id='word_1_21' title='bbox 870 428 1026 478; x_wconf 89' lang='lat' dir='ltr'>voluit</span> <span class='ocrx_word' id='word_1_22' title='bbox 1065 429 1335 479; x_wconf 82' lang='lat' dir='ltr'>consistere</span> <span class='ocrx_word' id='word_1_23' title='bbox 1372 439 1510 480; x_wconf 87' lang='lat' dir='ltr'>terra.</span> 
     </span>
     <span class='ocr_line' id='line_1_5' title="bbox 216 511 1442 576; baseline 0.002 -16"><span class='ocrx_word' id='word_1_24' title='bbox 216 530 319 562; x_wconf 92' lang='lat' dir='ltr'>non</span> <span class='ocrx_word' id='word_1_25' title='bbox 357 512 526 576; x_wconf 92' lang='lat' dir='ltr'>ignara</span> <span class='ocrx_word' id='word_1_26' title='bbox 565 511 683 561; x_wconf 90' lang='lat' dir='ltr'>mali</span> <span class='ocrx_word' id='word_1_27' title='bbox 720 511 910 561; x_wconf 89' lang='lat' dir='ltr'>miseris</span> <span class='ocrx_word' id='word_1_28' title='bbox 951 529 1233 562; x_wconf 84' lang='lat' dir='ltr'>succurrere</span> <span class='ocrx_word' id='word_1_29' title='bbox 1271 513 1442 562; x_wconf 88' lang='lat' dir='ltr'>disco.&#39;</span> 
     </span>
     <span class='ocr_line' id='line_1_6' title="bbox 217 593 1482 659; baseline -0.001 -15"><span class='ocrx_word' id='word_1_30' title='bbox 217 595 286 644; x_wconf 91' lang='lat' dir='ltr'>sic</span> <span class='ocrx_word' id='word_1_31' title='bbox 325 603 568 644; x_wconf 88' lang='lat' dir='ltr'>memorat</span> <span class='ocrx_word' id='word_1_32' title='bbox 585 613 599 655; x_wconf 76' lang='lat'><em>3</em></span> <span class='ocrx_word' id='word_1_33' title='bbox 652 593 799 642; x_wconf 89' lang='lat' dir='ltr'>simul</span> <span class='ocrx_word' id='word_1_34' title='bbox 837 596 1047 643; x_wconf 80' lang='lat' dir='ltr'>Aenean</span> <span class='ocrx_word' id='word_1_35' title='bbox 1086 594 1138 642; x_wconf 93' lang='lat' dir='ltr'>in</span> <span class='ocrx_word' id='word_1_36' title='bbox 1176 594 1308 659; x_wconf 91' lang='lat' dir='ltr'>regia</span> <span class='ocrx_word' id='word_1_37' title='bbox 1343 594 1482 643; x_wconf 91' lang='lat' dir='ltr'>ducit</span> 
     </span>
     <span class='ocr_line' id='line_1_7' title="bbox 216 676 1505 741; baseline -0.001 -13"><span class='ocrx_word' id='word_1_38' title='bbox 216 687 357 737; x_wconf 87' lang='lat' dir='ltr'>tecta,</span> <span class='ocrx_word' id='word_1_39' title='bbox 400 677 547 727; x_wconf 92' lang='lat' dir='ltr'>simul</span> <span class='ocrx_word' id='word_1_40' title='bbox 586 676 759 727; x_wconf 90' lang='lat' dir='ltr'>divum</span> <span class='ocrx_word' id='word_1_41' title='bbox 799 677 996 741; x_wconf 91' lang='lat' dir='ltr'>templis</span> <span class='ocrx_word' id='word_1_42' title='bbox 1037 676 1212 727; x_wconf 91' lang='lat' dir='ltr'>indicit</span> <span class='ocrx_word' id='word_1_43' title='bbox 1249 679 1505 727; x_wconf 88' lang='lat' dir='ltr'>honorem.</span> 
     </span>
     <span class='ocr_line' id='line_1_8' title="bbox 214 759 1395 810; baseline -0.002 0"><span class='ocrx_word' id='word_1_44' title='bbox 214 777 308 810; x_wconf 92' lang='lat' dir='ltr'>nec</span> <span class='ocrx_word' id='word_1_45' title='bbox 345 759 511 808; x_wconf 89' lang='lat' dir='ltr'>minus</span> <span class='ocrx_word' id='word_1_46' title='bbox 547 759 735 809; x_wconf 91' lang='lat' dir='ltr'>interea</span> <span class='ocrx_word' id='word_1_47' title='bbox 776 759 922 809; x_wconf 89' lang='lat' dir='ltr'>sociis</span> <span class='ocrx_word' id='word_1_48' title='bbox 962 761 1028 809; x_wconf 91' lang='lat' dir='ltr'>ad</span> <span class='ocrx_word' id='word_1_49' title='bbox 1066 759 1209 809; x_wconf 91' lang='lat' dir='ltr'>litora</span> <span class='ocrx_word' id='word_1_50' title='bbox 1246 759 1395 808; x_wconf 85' lang='lat' dir='ltr'>mittit</span> 
     </span>
     <span class='ocr_line' id='line_1_9' title="bbox 213 840 1474 906; baseline 0 -16"><span class='ocrx_word' id='word_1_51' title='bbox 213 841 386 906; x_wconf 88' lang='lat' dir='ltr'>viginti</span> <span class='ocrx_word' id='word_1_52' title='bbox 423 851 601 902; x_wconf 90' lang='lat' dir='ltr'>tauros,</span> <span class='ocrx_word' id='word_1_53' title='bbox 645 858 941 906; x_wconf 88' lang='lat' dir='ltr'>magnorum</span> <span class='ocrx_word' id='word_1_54' title='bbox 984 840 1234 891; x_wconf 82' lang='lat' dir='ltr'>horrentia</span> <span class='ocrx_word' id='word_1_55' title='bbox 1272 850 1474 890; x_wconf 91' lang='lat' dir='ltr'>centum</span> 
     </span>
     <span class='ocr_line' id='line_1_10' title="bbox 213 922 1665 989; baseline -0.001 -15"><span class='ocrx_word' id='word_1_56' title='bbox 213 935 349 989; x_wconf 90' lang='lat' dir='ltr'>terga</span> <span class='ocrx_word' id='word_1_57' title='bbox 385 943 544 985; x_wconf 89' lang='lat' dir='ltr'>suum,</span> <span class='ocrx_word' id='word_1_58' title='bbox 584 924 781 988; x_wconf 91' lang='lat' dir='ltr'>pinguis</span> <span class='ocrx_word' id='word_1_59' title='bbox 823 933 1026 974; x_wconf 90' lang='lat' dir='ltr'>centum</span> <span class='ocrx_word' id='word_1_60' title='bbox 1067 941 1182 973; x_wconf 92' lang='lat' dir='ltr'>cum</span> <span class='ocrx_word' id='word_1_61' title='bbox 1221 922 1461 973; x_wconf 90' lang='lat' dir='ltr'>matribus</span> <span class='ocrx_word' id='word_1_62' title='bbox 1497 939 1665 988; x_wconf 89' lang='lat' dir='ltr'>agnos,</span> 
     </span>
     <span class='ocr_line' id='line_1_11' title="bbox 214 1006 917 1070; baseline -0.001 -14"><span class='ocrx_word' id='word_1_63' title='bbox 214 1024 420 1057; x_wconf 89' lang='lat' dir='ltr'>munera</span> <span class='ocrx_word' id='word_1_64' title='bbox 455 1006 795 1070; x_wconf 81' lang='lat' dir='ltr'>laetitiamque</span> <span class='ocrx_word' id='word_1_65' title='bbox 836 1006 917 1056; x_wconf 91' lang='lat' dir='ltr'>dii.</span> 
     </span>
     <span class='ocr_line' id='line_1_12' title="bbox 212 1088 1366 1153; baseline -0.002 -14"><span class='ocrx_word' id='word_1_66' title='bbox 212 1099 262 1139; x_wconf 88' lang='lat' dir='ltr'>at</span> <span class='ocrx_word' id='word_1_67' title='bbox 300 1092 480 1139; x_wconf 93' lang='lat' dir='ltr'>domus</span> <span class='ocrx_word' id='word_1_68' title='bbox 517 1089 719 1138; x_wconf 90' lang='lat' dir='ltr'>interior</span> <span class='ocrx_word' id='word_1_69' title='bbox 757 1089 907 1153; x_wconf 87' lang='lat' dir='ltr'>regali</span> <span class='ocrx_word' id='word_1_70' title='bbox 947 1088 1210 1152; x_wconf 88' lang='lat' dir='ltr'>splendida</span> <span class='ocrx_word' id='word_1_71' title='bbox 1249 1090 1366 1137; x_wconf 89' lang='lat' dir='ltr'>luxu</span> 
     </span>
     <span class='ocr_line' id='line_1_13' title="bbox 213 1169 1495 1235; baseline -0.001 -15"><span class='ocrx_word' id='word_1_72' title='bbox 213 1171 479 1232; x_wconf 86' lang='lat' dir='ltr'>instruitur,</span> <span class='ocrx_word' id='word_1_73' title='bbox 521 1171 800 1235; x_wconf 88' lang='lat' dir='ltr'>mediisque</span> <span class='ocrx_word' id='word_1_74' title='bbox 838 1180 1014 1235; x_wconf 90' lang='lat' dir='ltr'>parant</span> <span class='ocrx_word' id='word_1_75' title='bbox 1054 1170 1281 1221; x_wconf 91' lang='lat' dir='ltr'>convivia</span> <span class='ocrx_word' id='word_1_76' title='bbox 1320 1169 1495 1220; x_wconf 89' lang='lat' dir='ltr'>tectis:</span> 
     </span>
     <span class='ocr_line' id='line_1_14' title="bbox 213 1253 1347 1318; baseline 0 -15"><span class='ocrx_word' id='word_1_77' title='bbox 213 1265 316 1304; x_wconf 91' lang='lat' dir='ltr'>arte</span> <span class='ocrx_word' id='word_1_78' title='bbox 352 1255 604 1304; x_wconf 89' lang='lat' dir='ltr'>laboratae</span> <span class='ocrx_word' id='word_1_79' title='bbox 640 1264 800 1304; x_wconf 91' lang='lat' dir='ltr'>vestes</span> <span class='ocrx_word' id='word_1_80' title='bbox 840 1263 1076 1318; x_wconf 89' lang='lat' dir='ltr'>ostroque</span> <span class='ocrx_word' id='word_1_81' title='bbox 1118 1253 1347 1317; x_wconf 86' lang='lat' dir='ltr'>superbo,</span> 
     </span>
     <span class='ocr_line' id='line_1_15' title="bbox 213 1334 1502 1401; baseline -0.002 -16"><span class='ocrx_word' id='word_1_82' title='bbox 213 1336 388 1401; x_wconf 89' lang='lat' dir='ltr'>ingens</span> <span class='ocrx_word' id='word_1_83' title='bbox 425 1346 684 1401; x_wconf 88' lang='lat' dir='ltr'>argentum</span> <span class='ocrx_word' id='word_1_84' title='bbox 722 1337 919 1397; x_wconf 87' lang='lat' dir='ltr'>mensis,</span> <span class='ocrx_word' id='word_1_85' title='bbox 965 1338 1254 1400; x_wconf 85' lang='lat' dir='ltr'>caelataque</span> <span class='ocrx_word' id='word_1_86' title='bbox 1292 1334 1343 1383; x_wconf 90' lang='lat' dir='ltr'>in</span> <span class='ocrx_word' id='word_1_87' title='bbox 1381 1351 1502 1384; x_wconf 90' lang='lat' dir='ltr'>auro</span> 
     </span>
     <span class='ocr_line' id='line_1_16' title="bbox 213 1419 1488 1484; baseline -0.002 -16"><span class='ocrx_word' id='word_1_88' title='bbox 213 1419 358 1469; x_wconf 91' lang='lat' dir='ltr'>fortia</span> <span class='ocrx_word' id='word_1_89' title='bbox 393 1422 522 1469; x_wconf 90' lang='lat' dir='ltr'>facta</span> <span class='ocrx_word' id='word_1_90' title='bbox 558 1429 768 1484; x_wconf 89' lang='lat' dir='ltr'>patrum,</span> <span class='ocrx_word' id='word_1_91' title='bbox 809 1420 958 1469; x_wconf 88' lang='lat' dir='ltr'>series</span> <span class='ocrx_word' id='word_1_92' title='bbox 999 1419 1287 1484; x_wconf 89' lang='lat' dir='ltr'>longissima</span> <span class='ocrx_word' id='word_1_93' title='bbox 1325 1435 1488 1468; x_wconf 91' lang='lat' dir='ltr'>rerum</span> 
     </span>
     <span class='ocr_line' id='line_1_17' title="bbox 213 1499 1544 1566; baseline -0.001 -16"><span class='ocrx_word' id='word_1_94' title='bbox 213 1518 300 1566; x_wconf 92' lang='lat' dir='ltr'>per</span> <span class='ocrx_word' id='word_1_95' title='bbox 337 1511 410 1550; x_wconf 92' lang='lat' dir='ltr'>tot</span> <span class='ocrx_word' id='word_1_96' title='bbox 447 1503 599 1551; x_wconf 90' lang='lat' dir='ltr'>ducta</span> <span class='ocrx_word' id='word_1_97' title='bbox 634 1502 764 1551; x_wconf 90' lang='lat' dir='ltr'>viros</span> <span class='ocrx_word' id='word_1_98' title='bbox 800 1502 1006 1566; x_wconf 87' lang='lat' dir='ltr'>antiqua</span> <span class='ocrx_word' id='word_1_99' title='bbox 1042 1503 1106 1551; x_wconf 91' lang='lat' dir='ltr'>ab</span> <span class='ocrx_word' id='word_1_100' title='bbox 1146 1501 1334 1565; x_wconf 89' lang='lat' dir='ltr'>origine</span> <span class='ocrx_word' id='word_1_101' title='bbox 1371 1499 1544 1565; x_wconf 89' lang='lat' dir='ltr'>gentis.</span> 
     </span>
     <span class='ocr_line' id='line_1_18' title="bbox 281 1582 1671 1648; baseline -0.001 -17"><span class='ocrx_word' id='word_1_102' title='bbox 281 1586 479 1632; x_wconf 87' lang='lat' dir='ltr'>Aeneas</span> <span class='ocrx_word' id='word_1_103' title='bbox 519 1582 705 1648; x_wconf 90' lang='lat' dir='ltr'>(neque</span> <span class='ocrx_word' id='word_1_104' title='bbox 742 1583 876 1632; x_wconf 88' lang='lat' dir='ltr'>enim</span> <span class='ocrx_word' id='word_1_105' title='bbox 914 1583 1099 1647; x_wconf 91' lang='lat' dir='ltr'>patrius</span> <span class='ocrx_word' id='word_1_106' title='bbox 1143 1583 1412 1633; x_wconf 87' lang='lat' dir='ltr'>consistere</span> <span class='ocrx_word' id='word_1_107' title='bbox 1450 1591 1671 1632; x_wconf 91' lang='lat' dir='ltr'>mentem</span> 
     </span>
     <span class='ocr_line' id='line_1_19' title="bbox 214 1663 1723 1730; baseline -0.001 -16"><span class='ocrx_word' id='word_1_108' title='bbox 214 1682 388 1729; x_wconf 89' lang='lat' dir='ltr'>passus</span> <span class='ocrx_word' id='word_1_109' title='bbox 426 1663 586 1729; x_wconf 85' lang='lat' dir='ltr'>amor)</span> <span class='ocrx_word' id='word_1_110' title='bbox 625 1664 854 1728; x_wconf 90' lang='lat' dir='ltr'>rapidum</span> <span class='ocrx_word' id='word_1_111' title='bbox 892 1667 957 1714; x_wconf 92' lang='lat' dir='ltr'>ad</span> <span class='ocrx_word' id='word_1_112' title='bbox 995 1665 1133 1714; x_wconf 90' lang='lat' dir='ltr'>navis</span> <span class='ocrx_word' id='word_1_113' title='bbox 1174 1664 1443 1730; x_wconf 90' lang='lat' dir='ltr'>praemittit</span> <span class='ocrx_word' id='word_1_114' title='bbox 1479 1666 1723 1724; x_wconf 90' lang='lat' dir='ltr'>Achaten,</span> 
     </span>
     <span class='ocr_line' id='line_1_20' title="bbox 213 1746 1618 1811; baseline -0.001 -15"><span class='ocrx_word' id='word_1_115' title='bbox 213 1746 434 1796; x_wconf 89' lang='lat' dir='ltr'>Ascanio</span> <span class='ocrx_word' id='word_1_116' title='bbox 473 1748 595 1795; x_wconf 90' lang='lat' dir='ltr'>ferat</span> <span class='ocrx_word' id='word_1_117' title='bbox 633 1748 757 1795; x_wconf 90' lang='lat' dir='ltr'>haec</span> <span class='ocrx_word' id='word_1_118' title='bbox 795 1746 1060 1811; x_wconf 91' lang='lat' dir='ltr'>ipsumque</span> <span class='ocrx_word' id='word_1_119' title='bbox 1097 1749 1162 1796; x_wconf 94' lang='lat' dir='ltr'>ad</span> <span class='ocrx_word' id='word_1_120' title='bbox 1201 1746 1400 1796; x_wconf 89' lang='lat' dir='ltr'>moenia</span> <span class='ocrx_word' id='word_1_121' title='bbox 1437 1747 1618 1808; x_wconf 67' lang='lat' dir='ltr'>ducat,</span> 
     </span>
     <span class='ocr_line' id='line_1_21' title="bbox 214 1830 1416 1895; baseline 0.001 -16"><span class='ocrx_word' id='word_1_122' title='bbox 214 1831 376 1880; x_wconf 90' lang='lat' dir='ltr'>omnis</span> <span class='ocrx_word' id='word_1_123' title='bbox 415 1831 467 1880; x_wconf 93' lang='lat' dir='ltr'>in</span> <span class='ocrx_word' id='word_1_124' title='bbox 504 1830 725 1880; x_wconf 91' lang='lat' dir='ltr'>Ascanio</span> <span class='ocrx_word' id='word_1_125' title='bbox 763 1831 862 1880; x_wconf 91' lang='lat' dir='ltr'>cari</span> <span class='ocrx_word' id='word_1_126' title='bbox 899 1841 995 1880; x_wconf 89' lang='lat' dir='ltr'>stat</span> <span class='ocrx_word' id='word_1_127' title='bbox 1033 1849 1150 1880; x_wconf 91' lang='lat' dir='ltr'>cura</span> <span class='ocrx_word' id='word_1_128' title='bbox 1187 1830 1416 1895; x_wconf 91' lang='lat' dir='ltr'>parentis.</span> 
     </span>
     <span class='ocr_line' id='line_1_22' title="bbox 214 1912 1311 1977; baseline -0.002 -15"><span class='ocrx_word' id='word_1_129' title='bbox 214 1930 420 1962; x_wconf 88' lang='lat' dir='ltr'>munera</span> <span class='ocrx_word' id='word_1_130' title='bbox 457 1921 710 1976; x_wconf 92' lang='lat' dir='ltr'>praeterea</span> <span class='ocrx_word' id='word_1_131' title='bbox 749 1912 913 1962; x_wconf 89' lang='lat' dir='ltr'>Iliacis</span> <span class='ocrx_word' id='word_1_132' title='bbox 952 1923 1120 1977; x_wconf 89' lang='lat' dir='ltr'>erepta</span> <span class='ocrx_word' id='word_1_133' title='bbox 1159 1913 1311 1962; x_wconf 92' lang='lat' dir='ltr'>ruinis</span> 
     </span>
     <span class='ocr_line' id='line_1_23' title="bbox 213 1994 1480 2060; baseline -0.001 -16"><span class='ocrx_word' id='word_1_134' title='bbox 213 1998 336 2045; x_wconf 90' lang='lat' dir='ltr'>ferre</span> <span class='ocrx_word' id='word_1_135' title='bbox 373 1995 523 2054; x_wconf 90' lang='lat' dir='ltr'>iubet,</span> <span class='ocrx_word' id='word_1_136' title='bbox 566 1997 748 2058; x_wconf 88' lang='lat' dir='ltr'>pallam</span> <span class='ocrx_word' id='word_1_137' title='bbox 786 1994 937 2058; x_wconf 89' lang='lat' dir='ltr'>signis</span> <span class='ocrx_word' id='word_1_138' title='bbox 978 2013 1200 2059; x_wconf 91' lang='lat' dir='ltr'>auroque</span> <span class='ocrx_word' id='word_1_139' title='bbox 1239 1995 1480 2060; x_wconf 86' lang='lat' dir='ltr'>rigentem</span> 
     </span>
     <span class='ocr_line' id='line_1_24' title="bbox 214 2077 1431 2138; baseline 0.001 -11"><span class='ocrx_word' id='word_1_140' title='bbox 214 2087 263 2127; x_wconf 94' lang='lat' dir='ltr'>et</span> <span class='ocrx_word' id='word_1_141' title='bbox 300 2077 679 2127; x_wconf 86' lang='lat' dir='ltr'>circumtextum</span> <span class='ocrx_word' id='word_1_142' title='bbox 719 2094 896 2127; x_wconf 90' lang='lat' dir='ltr'>croceo</span> <span class='ocrx_word' id='word_1_143' title='bbox 937 2080 1164 2127; x_wconf 91' lang='lat' dir='ltr'>velamen</span> <span class='ocrx_word' id='word_1_144' title='bbox 1203 2081 1431 2138; x_wconf 90' lang='lat' dir='ltr'>acantho,</span> 
     </span>
     <span class='ocr_line' id='line_1_25' title="bbox 213 2162 1518 2227; baseline 0.002 -18"><span class='ocrx_word' id='word_1_145' title='bbox 213 2170 415 2210; x_wconf 87' lang='lat' dir='ltr'>ornatus</span> <span class='ocrx_word' id='word_1_146' title='bbox 451 2162 664 2226; x_wconf 89' lang='lat' dir='ltr'>Argivae</span> <span class='ocrx_word' id='word_1_147' title='bbox 704 2165 945 2222; x_wconf 88' lang='lat' dir='ltr'>Helenae,</span> <span class='ocrx_word' id='word_1_148' title='bbox 990 2181 1116 2227; x_wconf 93' lang='lat' dir='ltr'>quos</span> <span class='ocrx_word' id='word_1_149' title='bbox 1155 2164 1238 2213; x_wconf 91' lang='lat' dir='ltr'>illa</span> <span class='ocrx_word' id='word_1_150' title='bbox 1277 2162 1518 2227; x_wconf 90' lang='lat' dir='ltr'>Mycenis,</span> 
     </span>
     <span class='ocr_line' id='line_1_26' title="bbox 214 2245 1654 2309; baseline 0.001 -19"><span class='ocrx_word' id='word_1_151' title='bbox 214 2245 454 2307; x_wconf 89' lang='lat' dir='ltr'>Pergama</span> <span class='ocrx_word' id='word_1_152' title='bbox 491 2261 606 2292; x_wconf 90' lang='lat' dir='ltr'>cum</span> <span class='ocrx_word' id='word_1_153' title='bbox 643 2253 831 2307; x_wconf 90' lang='lat' dir='ltr'>peteret</span> <span class='ocrx_word' id='word_1_154' title='bbox 874 2245 1297 2309; x_wconf 89' lang='lat' dir='ltr'>inconcessosque</span> <span class='ocrx_word' id='word_1_155' title='bbox 1336 2247 1654 2308; x_wconf 90' lang='lat' dir='ltr'>hymenaeos,</span> 
     </span>
     <span class='ocr_line' id='line_1_27' title="bbox 214 2326 1410 2388; baseline 0.003 -15"><span class='ocrx_word' id='word_1_156' title='bbox 214 2327 464 2386; x_wconf 87' lang='lat' dir='ltr'>extulerat,</span> <span class='ocrx_word' id='word_1_157' title='bbox 506 2326 673 2375; x_wconf 90' lang='lat' dir='ltr'>matris</span> <span class='ocrx_word' id='word_1_158' title='bbox 715 2328 884 2377; x_wconf 91' lang='lat' dir='ltr'>Ledae</span> <span class='ocrx_word' id='word_1_159' title='bbox 925 2327 1149 2378; x_wconf 85' lang='lat' dir='ltr'>mirabile</span> <span class='ocrx_word' id='word_1_160' title='bbox 1186 2330 1378 2377; x_wconf 90' lang='lat' dir='ltr'>donum</span> <span class='ocrx_word' id='word_1_161' title='bbox 1396 2346 1410 2388; x_wconf 77' lang='lat'>3</span> 
     </span>
     <span class='ocr_line' id='line_1_28' title="bbox 213 2407 1573 2474; baseline -0.001 -18"><span class='ocrx_word' id='word_1_162' title='bbox 213 2418 467 2471; x_wconf 88' lang='lat' dir='ltr'>praeterea</span> <span class='ocrx_word' id='word_1_163' title='bbox 502 2418 765 2472; x_wconf 90' lang='lat' dir='ltr'>sceptrum,</span> <span class='ocrx_word' id='word_1_164' title='bbox 812 2410 973 2460; x_wconf 91' lang='lat' dir='ltr'>Ilione</span> <span class='ocrx_word' id='word_1_165' title='bbox 1013 2412 1151 2474; x_wconf 92' lang='lat' dir='ltr'>quod</span> <span class='ocrx_word' id='word_1_166' title='bbox 1188 2418 1404 2473; x_wconf 87' lang='lat' dir='ltr'>gesserat</span> <span class='ocrx_word' id='word_1_167' title='bbox 1440 2407 1573 2467; x_wconf 89' lang='lat' dir='ltr'>olim,</span> 
     </span>
     <span class='ocr_line' id='line_1_29' title="bbox 214 2490 1425 2556; baseline 0.002 -19"><span class='ocrx_word' id='word_1_168' title='bbox 214 2490 428 2538; x_wconf 86' lang='lat' dir='ltr'>maxima</span> <span class='ocrx_word' id='word_1_169' title='bbox 464 2500 691 2540; x_wconf 89' lang='lat' dir='ltr'>natarum</span> <span class='ocrx_word' id='word_1_170' title='bbox 731 2492 926 2553; x_wconf 91' lang='lat' dir='ltr'>Priami,</span> <span class='ocrx_word' id='word_1_171' title='bbox 970 2494 1202 2556; x_wconf 88' lang='lat' dir='ltr'>colloque</span> <span class='ocrx_word' id='word_1_172' title='bbox 1239 2490 1425 2541; x_wconf 92' lang='lat' dir='ltr'>monile</span> 
     </span>
     <span class='ocr_line' id='line_1_30' title="bbox 215 2572 1639 2639; baseline 0 -19"><span class='ocrx_word' id='word_1_173' title='bbox 215 2572 460 2632; x_wconf 89' lang='lat' dir='ltr'>bacatum,</span> <span class='ocrx_word' id='word_1_174' title='bbox 502 2582 550 2622; x_wconf 91' lang='lat' dir='ltr'>et</span> <span class='ocrx_word' id='word_1_175' title='bbox 589 2575 843 2638; x_wconf 90' lang='lat' dir='ltr'>duplicem</span> <span class='ocrx_word' id='word_1_176' title='bbox 882 2575 1093 2639; x_wconf 89' lang='lat' dir='ltr'>gemmis</span> <span class='ocrx_word' id='word_1_177' title='bbox 1131 2591 1353 2638; x_wconf 89' lang='lat' dir='ltr'>auroque</span> <span class='ocrx_word' id='word_1_178' title='bbox 1389 2589 1639 2623; x_wconf 87' lang='lat' dir='ltr'>coronam.</span> 
     </span>
     <span class='ocr_line' id='line_1_31' title="bbox 213 2655 1542 2707; baseline 0.001 -5"><span class='ocrx_word' id='word_1_179' title='bbox 213 2655 338 2703; x_wconf 89' lang='lat' dir='ltr'>haec</span> <span class='ocrx_word' id='word_1_180' title='bbox 375 2657 593 2705; x_wconf 89' lang='lat' dir='ltr'>celerans</span> <span class='ocrx_word' id='word_1_181' title='bbox 632 2656 722 2705; x_wconf 89' lang='lat' dir='ltr'>iter</span> <span class='ocrx_word' id='word_1_182' title='bbox 759 2659 824 2706; x_wconf 90' lang='lat' dir='ltr'>ad</span> <span class='ocrx_word' id='word_1_183' title='bbox 861 2657 998 2706; x_wconf 88' lang='lat' dir='ltr'>navis</span> <span class='ocrx_word' id='word_1_184' title='bbox 1036 2658 1274 2707; x_wconf 90' lang='lat' dir='ltr'>tendebat</span> <span class='ocrx_word' id='word_1_185' title='bbox 1310 2657 1542 2704; x_wconf 89' lang='lat' dir='ltr'>Achates.</span> 
     </span>
     <span class='ocr_line' id='line_1_32' title="bbox 282 2738 1597 2802; baseline 0.001 -18"><span class='ocrx_word' id='word_1_186' title='bbox 282 2739 349 2785; x_wconf 91' lang='lat' dir='ltr'>At</span> <span class='ocrx_word' id='word_1_187' title='bbox 387 2738 633 2801; x_wconf 90' lang='lat' dir='ltr'>Cytherea</span> <span class='ocrx_word' id='word_1_188' title='bbox 672 2757 826 2789; x_wconf 90' lang='lat' dir='ltr'>novas</span> <span class='ocrx_word' id='word_1_189' title='bbox 864 2739 992 2799; x_wconf 91' lang='lat' dir='ltr'>artis,</span> <span class='ocrx_word' id='word_1_190' title='bbox 1033 2757 1164 2789; x_wconf 90' lang='lat' dir='ltr'>nova</span> <span class='ocrx_word' id='word_1_191' title='bbox 1200 2748 1402 2802; x_wconf 92' lang='lat' dir='ltr'>pectore</span> <span class='ocrx_word' id='word_1_192' title='bbox 1437 2745 1597 2786; x_wconf 91' lang='lat' dir='ltr'>versat</span> 
     </span>
    </p>
   </div>
   <div class='ocr_carea' id='block_1_3' title="bbox 267 2866 1629 2920">
    <p class='ocr_par' dir='ltr' id='par_1_3' title="bbox 267 2866 1629 2920">
     <span class='ocr_line' id='line_1_33' title="bbox 267 2866 1629 2920; baseline -0.001 -13"><span class='ocrx_word' id='word_1_193' title='bbox 267 2870 347 2918; x_wconf 88' lang='lat'>627</span> <span class='ocrx_word' id='word_1_194' title='bbox 360 2871 460 2919; x_wconf 85' lang='lat'><strong>-653</strong></span> <span class='ocrx_word' id='word_1_195' title='bbox 483 2869 637 2919; x_wconf 86' lang='lat' dir='ltr'><em>MPR;</em></span> <span class='ocrx_word' id='word_1_196' title='bbox 670 2872 860 2920; x_wconf 88' lang='lat'><strong>654-657</strong></span> <span class='ocrx_word' id='word_1_197' title='bbox 882 2869 1049 2909; x_wconf 83' lang='lat' dir='ltr'><em>FMPR</em></span> <span class='ocrx_word' id='word_1_198' title='bbox 1201 2872 1283 2919; x_wconf 90' lang='lat'>629</span> <span class='ocrx_word' id='word_1_199' title='bbox 1315 2869 1540 2909; x_wconf 88' lang='lat' dir='ltr'>considere</span> <span class='ocrx_word' id='word_1_200' title='bbox 1559 2866 1629 2916; x_wconf 83' lang='grc' dir='ltr'>Ργ</span> 
     </span>
    </p>
   </div>
   <div class='ocr_carea' id='block_1_4' title="bbox 1824 523 1909 576">
    <p class='ocr_par' dir='ltr' id='par_1_4' title="bbox 1824 523 1909 576">
     <span class='ocr_line' id='line_1_34' title="bbox 1824 523 1909 576; baseline 0.024 -12"><span class='ocrx_word' id='word_1_201' title='bbox 1824 523 1909 576; x_wconf 79' lang='lat'>630</span> 
     </span>
    </p>
   </div>
   <div class='ocr_carea' id='block_1_5' title="bbox 1823 1342 1906 1396">
    <p class='ocr_par' dir='ltr' id='par_1_5' title="bbox 1823 1342 1906 1396">
     <span class='ocr_line' id='line_1_35' title="bbox 1823 1342 1906 1396; baseline 0 -13"><span class='ocrx_word' id='word_1_202' title='bbox 1823 1342 1906 1396; x_wconf 85' lang='lat'>640</span> 
     </span>
    </p>
   </div>
   <div class='ocr_carea' id='block_1_6' title="bbox 1819 2167 1902 2224">
    <p class='ocr_par' dir='ltr' id='par_1_6' title="bbox 1819 2167 1902 2224">
     <span class='ocr_line' id='line_1_36' title="bbox 1819 2167 1902 2224; baseline -0.012 -14"><span class='ocrx_word' id='word_1_203' title='bbox 1819 2167 1902 2224; x_wconf 85' lang='lat'>650</span> 
     </span>
    </p>
   </div>
   <div class='ocr_carea' id='block_1_7' title="bbox 1738 2865 1899 2915">
    <p class='ocr_par' dir='ltr' id='par_1_7' title="bbox 1738 2865 1899 2915">
     <span class='ocr_line' id='line_1_37' title="bbox 1738 2865 1899 2915; baseline 0.006 -12"><span class='ocrx_word' id='word_1_204' title='bbox 1738 2866 1822 2915; x_wconf 85' lang='lat'>636</span> <span class='ocrx_word' id='word_1_205' title='bbox 1839 2865 1899 2904; x_wconf 86' lang='lat' dir='ltr'>dii</span> 
     </span>
    </p>
   </div>
   <div class='ocr_carea' id='block_1_8' title="bbox 214 2920 1900 3031">
    <p class='ocr_par' dir='ltr' id='par_1_8' title="bbox 214 2920 1900 3034">
     <span class='ocr_line' id='line_1_38' title="bbox 219 2920 1899 2976; baseline -0.002 -14"><span class='ocrx_word' id='word_1_206' title='bbox 219 2924 326 2963; x_wconf 84' lang='lat' dir='ltr'>‘non</span> <span class='ocrx_word' id='word_1_207' title='bbox 355 2923 530 2963; x_wconf 83' lang='lat' dir='ltr'>dubium</span> <span class='ocrx_word' id='word_1_208' title='bbox 566 2929 625 2963; x_wconf 88' lang='lat' dir='ltr'>est</span> <span class='ocrx_word' id='word_1_209' title='bbox 650 2925 750 2975; x_wconf 80' lang='lat' dir='ltr'>quin</span> <span class='ocrx_word' id='word_1_210' title='bbox 773 2926 831 2964; x_wconf 87' lang='lat' dir='ltr'>dii</span> <span class='ocrx_word' id='word_1_211' title='bbox 860 2925 1063 2976; x_wconf 72' lang='lat' dir='ltr'>scripserit</span> <span class='ocrx_word' id='word_1_212' title='bbox 1078 2931 1155 2976; x_wconf 82' lang='lat' dir='ltr'>pro</span> <span class='ocrx_word' id='word_1_213' title='bbox 1186 2925 1272 2964; x_wconf 90' lang='lat' dir='ltr'>diei</span> <span class='ocrx_word' id='word_1_214' title='bbox 1293 2955 1302 2964; x_wconf 87' lang='lat'><strong>.</strong></span> <span class='ocrx_word' id='word_1_215' title='bbox 1327 2954 1336 2964; x_wconf 86' lang='lat'>.</span> <span class='ocrx_word' id='word_1_216' title='bbox 1361 2954 1370 2963; x_wconf 96' lang='lat'><strong><em>.</em></strong></span> <span class='ocrx_word' id='word_1_217' title='bbox 1394 2922 1506 2975; x_wconf 86' lang='lat' dir='ltr'>quod</span> <span class='ocrx_word' id='word_1_218' title='bbox 1532 2920 1798 2972; x_wconf 79' lang='lat' dir='ltr'>imperitiores</span> <span class='ocrx_word' id='word_1_219' title='bbox 1830 2920 1899 2966; x_wconf 83' lang='lat' dir='ltr'>dei</span> 
     </span>
     <span class='ocr_line' id='line_1_39' title="bbox 214 2974 1900 3031; baseline 0 -15"><span class='ocrx_word' id='word_1_220' title='bbox 214 2978 378 3029; x_wconf 83' lang='lat' dir='ltr'>legunt&#39;</span> <span class='ocrx_word' id='word_1_221' title='bbox 400 2979 457 3019; x_wconf 88' lang='lat' dir='ltr'>A.</span> <span class='ocrx_word' id='word_1_222' title='bbox 478 2978 631 3019; x_wconf 81' lang='lat' dir='ltr'>Gellius</span> <span class='ocrx_word' id='word_1_223' title='bbox 643 2980 698 3018; x_wconf 83' lang='lat' dir='ltr'>ix.</span> <span class='ocrx_word' id='word_1_224' title='bbox 728 2992 788 3029; x_wconf 88' lang='lat'>14.</span> <span class='ocrx_word' id='word_1_225' title='bbox 812 2981 838 3018; x_wconf 91' lang='lat'><em>8</em></span> <span class='ocrx_word' id='word_1_226' title='bbox 858 2995 867 3020; x_wconf 86' lang='lat'>:</span> <span class='ocrx_word' id='word_1_227' title='bbox 889 2981 957 3021; x_wconf 87' lang='lat' dir='ltr'>dei</span> <span class='ocrx_word' id='word_1_228' title='bbox 978 2980 1133 3031; x_wconf 83' lang='lat' dir='ltr'>codices,</span> <span class='ocrx_word' id='word_1_229' title='bbox 1165 2979 1370 3029; x_wconf 84' lang='lat' dir='ltr'>defendere</span> <span class='ocrx_word' id='word_1_230' title='bbox 1390 2977 1740 3027; x_wconf 84' lang='lat' dir='ltr'><em>conaturHenry:</em></span> <span class='ocrx_word' id='word_1_231' title='bbox 1770 2974 1900 3016; x_wconf 78' lang='lat' dir='ltr'>etdei</span> 
     </span>
    </p>
   </div>
   <div class='ocr_carea' id='block_1_9' title="bbox 214 3032 1494 3087">
    <p class='ocr_par' dir='ltr' id='par_1_9' title="bbox 214 3032 1494 3087">
     <span class='ocr_line' id='line_1_40' title="bbox 214 3032 1494 3087; baseline -0.002 -14"><span class='ocrx_word' id='word_1_232' title='bbox 214 3037 251 3073; x_wconf 79' lang='lat' dir='ltr'>et</span> <span class='ocrx_word' id='word_1_233' title='bbox 263 3033 319 3072; x_wconf 90' lang='lat' dir='ltr'>dii</span> <span class='ocrx_word' id='word_1_234' title='bbox 338 3038 375 3074; x_wconf 87' lang='lat' dir='ltr'>et</span> <span class='ocrx_word' id='word_1_235' title='bbox 395 3035 464 3073; x_wconf 88' lang='lat' dir='ltr'>die</span> <span class='ocrx_word' id='word_1_236' title='bbox 485 3034 670 3087; x_wconf 82' lang='lat' dir='ltr'>agnoscit</span> <span class='ocrx_word' id='word_1_237' title='bbox 688 3033 801 3075; x_wconf 82' lang='lat' dir='ltr'>Serv.</span> <span class='ocrx_word' id='word_1_238' title='bbox 970 3037 1051 3083; x_wconf 89' lang='lat'>642</span> <span class='ocrx_word' id='word_1_239' title='bbox 1082 3034 1283 3084; x_wconf 88' lang='lat' dir='ltr'>antiquae</span> <span class='ocrx_word' id='word_1_240' title='bbox 1304 3032 1494 3084; x_wconf 75' lang='lat' dir='ltr'><strong>MP²7²C²</strong></span> 
     </span>
    </p>
   </div>
  </div>
 </body>
</html>
