2014 3372
210 132 262 179 P.
302 130 602 178 VERGILI
642 118 986 178 MARoNis'

209 268 462 318 sollemnis
499 277 694 317 taurum
731 267 984 330 ingentem
1021 267 1270 316 mactabat
1305 268 1370 316 ad
1405 284 1525 316 aras.

209 367 326 399 ecce
362 359 530 398 autem
567 348 752 412 gemini
787 365 817 397 a
852 349 1064 397 Tenedo
1100 348 1363 411 tranquilla
1398 365 1485 411 per
1520 349 1618 397 alta

212 432 465 497 (horresco
503 430 739 494 referens)
777 429 1033 478 immensis
1070 429 1273 478 orbibus
1310 446 1495 493 angues

209 514 509 562 incumbunt
546 515 722 576 pelago
759 511 1038 575 pariterque
1074 513 1139 560 ad
1176 511 1318 560 litora
1356 513 1568 560 tendunt
1585 530 1599 573 3

209 605 413 660 pectora
446 611 660 658 quorum
698 594 824 643 inter
860 596 1039 643 fluctus
1077 602 1263 643 arrecta
1299 592 1547 656 iubaeque

211 676 511 740 sanguineae
548 677 978 739 superant'undas
996 694 1010 736 3
1057 691 1168 738 pars
1206 683 1369 723 cetera
1404 683 1614 738 pontum

212 775 343 822 pone
379 757 495 820 legit
533 757 794 820 sinuatque
830 756 1075 804 immensa
1110 755 1363 805 volumine
1399 764 1544 818 terga.

210 841 265 888 fit
303 839 493 889 sonitus
531 848 794 903 spumante
832 841 935 887 salo
954 857 967 899 3
1014 838 1213 901 iamque
1249 855 1363 887 arva
1399 838 1635 887 tenebant

210 921 530 984 ardentisque
567 923 739 970 oculos
777 919 968 969 suffecti
1005 919 1244 982 sanguine
1280 928 1329 968 et
1364 918 1465 982 igni

211 1002 355 1052 sibila
390 1003 680 1051 lambebant
716 1001 895 1065 linguis
932 1000 1239 1050 vibrantibus
1278 1017 1375 1049 ora.

211 1085 496 1149 diffugimus
532 1084 640 1133 visu
677 1101 961 1147 exsangues.
1037 1083 1105 1131 illi
1141 1083 1337 1146 agmine
1375 1091 1508 1131 certo

212 1170 504 1217 Laocoonta
539 1175 715 1230 petunt
732 1185 745 1228 3
793 1176 842 1215 et
877 1165 1092 1228 primum
1129 1182 1277 1228 parva
1312 1167 1525 1213 duorum

210 1265 420 1312 corpora
455 1257 685 1296 natorum
723 1264 923 1310 serpens
960 1248 1215 1309 amplexus
1252 1255 1459 1308 uterque

212 1330 435 1393 implicat
472 1339 521 1378 et
557 1329 762 1378 miseros
800 1346 967 1378 morsu
1005 1327 1287 1391 depascitur
1322 1337 1454 1376 artus
1472 1346 1486 1388 3

212 1421 325 1476 post
363 1411 526 1474 ipsum
562 1411 743 1460 auxilio
781 1411 1079 1459 subeuntem
1115 1427 1174 1458 ac
1211 1411 1307 1458 tela
1342 1411 1583 1458 ferentem

214 1493 485 1556 corripiunt
522 1493 763 1556 spirisque
800 1492 951 1556 ligant
989 1491 1271 1555 ingentibus
1290 1510 1304 1552 3
1352 1500 1400 1539 et
1436 1490 1534 1539 iarn

212 1576 288 1625 bis
327 1575 550 1625 medium
586 1574 812 1638 amplexi,
851 1574 928 1623 bis
966 1576 1095 1623 collo
1133 1590 1368 1637 squamea
1403 1572 1589 1622 circum

213 1667 348 1721 terga
385 1657 488 1707 dati
525 1666 758 1721 superant
795 1656 955 1720 capite
993 1666 1041 1705 et
1079 1655 1351 1705 cervicibus
1386 1654 1509 1703 altis.

212 1739 294 1788 ille
333 1739 479 1788 simul
515 1738 746 1787 manibus
783 1737 943 1787 tendit
980 1737 1212 1787 divellere
1248 1738 1410 1786 nodos

212 1823 439 1885 perfusus
477 1820 614 1870 sanie
649 1820 794 1868 vittas
830 1829 1036 1883 atroque
1072 1836 1279 1878 veneno,

214 1905 455 1951 clamores
492 1901 638 1950 simul
674 1903 949 1950 horrendos
986 1902 1050 1949 ad
1087 1900 1247 1948 sidera
1283 1899 1441 1950 tollit:

214 1984 373 2048 qualis
410 1983 638 2047 mugitus,
679 1982 801 2046 fugit
839 1999 953 2031 cum
993 1981 1188 2030 saucius
1223 1999 1358 2030 aram

214 2075 382 2114 taurus
419 2075 468 2114 et
503 2065 741 2113 incertam
779 2063 992 2112 excussit
1030 2062 1219 2112 cervice
1256 2062 1478 2112 securim.

213 2157 264 2196 at
299 2147 484 2211 gemini
519 2148 661 2209 lapsu
698 2146 905 2195 delubra
942 2147 1006 2194 ad
1046 2162 1241 2193 summa
1277 2147 1517 2194 dracones

216 2228 456 2291 effugiunt
493 2243 767 2290 saevaeque
804 2235 981 2290 petunt
1020 2226 1294 2275 Tritonidis
1330 2243 1508 2286 arcem,

217 2311 311 2360 sub
347 2309 660 2372 pedibusque
697 2309 821 2357 deae
858 2308 1104 2371 clipeique
1142 2308 1236 2356 sub
1271 2308 1391 2356 orbe
1427 2316 1669 2370 teguntur.

216 2402 324 2440 tum
361 2407 477 2439 vero
513 2391 800 2438 tremefacta
835 2408 993 2439 novus
1030 2408 1117 2454 per
1153 2399 1354 2453 pectora
1389 2388 1580 2438 cunctis

217 2472 434 2520 insinuat
470 2488 632 2534 pavor,
675 2481 727 2520 et
761 2474 920 2521 scelus
959 2472 1253 2536 expendisse
1290 2480 1563 2520 merentem

219 2556 511 2601 Laocoonta
546 2555 720 2612 ferunt,
763 2571 956 2602 sacrum
994 2553 1079 2616 qui
1115 2552 1323 2616 cuspide
1359 2552 1508 2601 robur

219 2633 412 2683 laeserit
449 2643 496 2682 et
533 2644 669 2697 tergo
707 2638 994 2684 sceleratam
1031 2634 1276 2683 intorserit
1313 2635 1518 2681 hastam.

221 2718 509 2765 ducendum
546 2719 610 2766 ad
648 2718 791 2766 sedes
829 2716 1146 2765 simulacrum
1184 2717 1470 2777 orandaque
1507 2712 1649 2762 divae

222 2797 426 2847 numina
463 2801 790 2847 conclamant.

413 2941 606 2979 202-233
627 2927 719 2967 MP
892 2929 973 2968 226
1003 2927 1228 2978 diffugiunt
1258 2925 1325 2964 Ml
1345 2925 1495 2978 probat
1512 2922 1702 2963 Deuticke

1807 529 1887 572 205

1807 938 1888 967 210

1807 1346 1885 1387 215

1811 1755 1888 1785 220

1811 2164 1888 2204 225

1812 2567 1892 2607 230
