<?xml version="1.0" encoding="UTF-8"?>
<!DOCTYPE html PUBLIC "-//W3C//DTD XHTML 1.0 Transitional//EN"
    "http://www.w3.org/TR/xhtml1/DTD/xhtml1-transitional.dtd">
<html xmlns="http://www.w3.org/1999/xhtml" xml:lang="en" lang="en">
 <head>
  <title>
</title>
<meta http-equiv="Content-Type" content="text/html;charset=utf-8" />
  <meta name='ocr-system' content='tesseract 3.04.00' />
  <meta name='ocr-capabilities' content='ocr_page ocr_carea ocr_par ocr_line ocrx_word'/>
</head>
<body>
  <div class='ocr_page' id='page_1' title='image "./operarecognovitb00virguoft_0017.png"; bbox 0 0 2020 3372; ppageno 0'>
   <div class='ocr_carea' id='block_1_1' title="bbox 518 605 1561 845">
    <p class='ocr_par' dir='ltr' id='par_1_1' title="bbox 518 605 1561 845">
     <span class='ocr_line' id='line_1_1' title="bbox 518 605 1561 671; baseline 0.001 -1"><span class='ocrx_word' id='word_1_1' title='bbox 518 605 587 671; x_wconf 90' lang='lat' dir='ltr'><strong>P.</strong></span> <span class='ocrx_word' id='word_1_2' title='bbox 644 606 1045 671; x_wconf 85' lang='lat' dir='ltr'>VERGILI</span> <span class='ocrx_word' id='word_1_3' title='bbox 1112 605 1561 671; x_wconf 79' lang='lat' dir='ltr'><strong>MARONIS</strong></span> 
     </span>
     <span class='ocr_line' id='line_1_2' title="bbox 744 771 1353 845; baseline 0 -2"><span class='ocrx_word' id='word_1_4' title='bbox 744 771 1353 845; x_wconf 81' lang='lat' dir='ltr'>BVCOLICA</span> 
     </span>
    </p>
   </div>
   <div class='ocr_carea' id='block_1_2' title="bbox 863 973 1207 1023">
    <p class='ocr_par' dir='ltr' id='par_1_2' title="bbox 863 973 1207 1023">
     <span class='ocr_line' id='line_1_3' title="bbox 863 973 1207 1023; baseline -0.003 -3"><span class='ocrx_word' id='word_1_5' title='bbox 863 973 1145 1023; x_wconf 90' lang='lat' dir='ltr'>ECLOGA</span> <span class='ocrx_word' id='word_1_6' title='bbox 1183 973 1207 1019; x_wconf 95' lang='lat' dir='ltr'>I</span> 
     </span>
    </p>
   </div>
   <div class='ocr_carea' id='block_1_3' title="bbox 739 1116 1345 1151">
    <p class='ocr_par' dir='ltr' id='par_1_3' title="bbox 739 1116 1345 1151">
     <span class='ocr_line' id='line_1_4' title="bbox 739 1116 1345 1151; baseline 0 -1"><span class='ocrx_word' id='word_1_7' title='bbox 739 1117 1033 1151; x_wconf 89' lang='lat' dir='ltr'>MELIBOEVS</span> <span class='ocrx_word' id='word_1_8' title='bbox 1126 1116 1345 1150; x_wconf 86' lang='lat' dir='ltr'><strong>TITYRVS</strong></span> 
     </span>
    </p>
   </div>
   <div class='ocr_carea' id='block_1_4' title="bbox 203 1222 1872 2900">
    <p class='ocr_par' dir='ltr' id='par_1_4' title="bbox 203 1222 1872 2900">
     <span class='ocr_line' id='line_1_5' title="bbox 203 1222 1703 1287; baseline 0.001 -18"><span class='ocrx_word' id='word_1_9' title='bbox 203 1230 264 1270; x_wconf 90' lang='lat' dir='ltr'><strong>M.</strong></span> <span class='ocrx_word' id='word_1_10' title='bbox 369 1226 588 1283; x_wconf 79' lang='lat' dir='ltr'><strong>TITYRE,</strong></span> <span class='ocrx_word' id='word_1_11' title='bbox 627 1234 680 1272; x_wconf 93' lang='lat' dir='ltr'><strong>tu</strong></span> <span class='ocrx_word' id='word_1_12' title='bbox 716 1226 912 1287; x_wconf 90' lang='lat' dir='ltr'><strong>patulae</strong></span> <span class='ocrx_word' id='word_1_13' title='bbox 947 1224 1188 1273; x_wconf 85' lang='lat' dir='ltr'>recubans</span> <span class='ocrx_word' id='word_1_14' title='bbox 1226 1224 1319 1272; x_wconf 93' lang='lat' dir='ltr'><strong>sub</strong></span> <span class='ocrx_word' id='word_1_15' title='bbox 1355 1223 1570 1286; x_wconf 84' lang='lat' dir='ltr'><strong>tegmine</strong></span> <span class='ocrx_word' id='word_1_16' title='bbox 1606 1222 1703 1285; x_wconf 84' lang='lat' dir='ltr'><strong>fagi</strong></span> 
     </span>
     <span class='ocr_line' id='line_1_6' title="bbox 306 1304 1489 1354; baseline -0.001 -2"><span class='ocrx_word' id='word_1_17' title='bbox 306 1304 575 1352; x_wconf 83' lang='lat' dir='ltr'><strong>silvestrem</strong></span> <span class='ocrx_word' id='word_1_18' title='bbox 612 1305 749 1354; x_wconf 92' lang='lat' dir='ltr'><strong>tenui</strong></span> <span class='ocrx_word' id='word_1_19' title='bbox 785 1322 977 1353; x_wconf 87' lang='lat' dir='ltr'><strong>musam</strong></span> <span class='ocrx_word' id='word_1_20' title='bbox 1014 1305 1264 1353; x_wconf 90' lang='lat' dir='ltr'><strong>meditaris</strong></span> <span class='ocrx_word' id='word_1_21' title='bbox 1301 1321 1489 1352; x_wconf 87' lang='lat' dir='ltr'><strong>avena:</strong></span> 
     </span>
     <span class='ocr_line' id='line_1_7' title="bbox 304 1383 1514 1447; baseline -0.001 -15"><span class='ocrx_word' id='word_1_22' title='bbox 304 1401 396 1432; x_wconf 91' lang='lat' dir='ltr'><strong>nos</strong></span> <span class='ocrx_word' id='word_1_23' title='bbox 432 1383 617 1447; x_wconf 83' lang='lat' dir='ltr'>patriae</span> <span class='ocrx_word' id='word_1_24' title='bbox 652 1384 762 1432; x_wconf 92' lang='lat' dir='ltr'><strong>finis</strong></span> <span class='ocrx_word' id='word_1_25' title='bbox 800 1394 848 1433; x_wconf 95' lang='lat' dir='ltr'><strong>et</strong></span> <span class='ocrx_word' id='word_1_26' title='bbox 883 1385 1048 1434; x_wconf 85' lang='lat' dir='ltr'><strong>dulcia</strong></span> <span class='ocrx_word' id='word_1_27' title='bbox 1084 1384 1352 1447; x_wconf 86' lang='lat' dir='ltr'><strong>linquimus</strong></span> <span class='ocrx_word' id='word_1_28' title='bbox 1389 1401 1514 1432; x_wconf 89' lang='lat' dir='ltr'><strong>arva.</strong></span> 
     </span>
     <span class='ocr_line' id='line_1_8' title="bbox 305 1464 1751 1527; baseline 0 -15"><span class='ocrx_word' id='word_1_29' title='bbox 305 1481 396 1513; x_wconf 88' lang='lat' dir='ltr'><strong>nos</strong></span> <span class='ocrx_word' id='word_1_30' title='bbox 431 1464 639 1527; x_wconf 88' lang='lat' dir='ltr'><strong>patriam</strong></span> <span class='ocrx_word' id='word_1_31' title='bbox 675 1465 915 1527; x_wconf 87' lang='lat' dir='ltr'><strong>fugimus:</strong></span> <span class='ocrx_word' id='word_1_32' title='bbox 964 1475 1031 1524; x_wconf 92' lang='lat' dir='ltr'><strong>tu,</strong></span> <span class='ocrx_word' id='word_1_33' title='bbox 1070 1465 1251 1527; x_wconf 87' lang='lat' dir='ltr'><strong>Tityre,</strong></span> <span class='ocrx_word' id='word_1_34' title='bbox 1290 1466 1452 1513; x_wconf 89' lang='lat' dir='ltr'><strong>lentus</strong></span> <span class='ocrx_word' id='word_1_35' title='bbox 1489 1464 1539 1511; x_wconf 91' lang='lat' dir='ltr'><strong>in</strong></span> <span class='ocrx_word' id='word_1_36' title='bbox 1575 1465 1751 1513; x_wconf 90' lang='lat' dir='ltr'><strong>umbra</strong></span> 
     </span>
     <span class='ocr_line' id='line_1_9' title="bbox 305 1545 1870 1608; baseline -0.001 -15"><span class='ocrx_word' id='word_1_37' title='bbox 305 1547 572 1594; x_wconf 90' lang='lat' dir='ltr'><strong>formosam</strong></span> <span class='ocrx_word' id='word_1_38' title='bbox 608 1563 835 1595; x_wconf 86' lang='lat' dir='ltr'><strong>resonare</strong></span> <span class='ocrx_word' id='word_1_39' title='bbox 871 1548 1021 1595; x_wconf 87' lang='lat' dir='ltr'><strong>doces</strong></span> <span class='ocrx_word' id='word_1_40' title='bbox 1059 1545 1361 1608; x_wconf 88' lang='lat' dir='ltr'><strong>Amaryllida</strong></span> <span class='ocrx_word' id='word_1_41' title='bbox 1398 1545 1553 1593; x_wconf 89' lang='lat' dir='ltr'><strong>silvas.</strong></span> <span class='ocrx_word' id='word_1_42' title='bbox 1849 1565 1870 1604; x_wconf 91' lang='lat'>5</span> 
     </span>
     <span class='ocr_line' id='line_1_10' title="bbox 214 1626 1461 1686; baseline 0.001 -13"><span class='ocrx_word' id='word_1_43' title='bbox 214 1634 260 1673; x_wconf 71' lang='lat' dir='ltr'><strong>T,</strong></span> <span class='ocrx_word' id='word_1_44' title='bbox 309 1627 355 1675; x_wconf 90' lang='lat' dir='ltr'>O</span> <span class='ocrx_word' id='word_1_45' title='bbox 395 1626 659 1686; x_wconf 88' lang='lat' dir='ltr'><strong>Meliboee,</strong></span> <span class='ocrx_word' id='word_1_46' title='bbox 699 1628 821 1675; x_wconf 91' lang='lat' dir='ltr'><strong>deus</strong></span> <span class='ocrx_word' id='word_1_47' title='bbox 858 1626 1002 1675; x_wconf 90' lang='lat' dir='ltr'><strong>nobis</strong></span> <span class='ocrx_word' id='word_1_48' title='bbox 1039 1628 1162 1675; x_wconf 88' lang='lat' dir='ltr'><strong>haee</strong></span> <span class='ocrx_word' id='word_1_49' title='bbox 1199 1626 1299 1674; x_wconf 89' lang='lat' dir='ltr'><strong>otia</strong></span> <span class='ocrx_word' id='word_1_50' title='bbox 1334 1626 1461 1674; x_wconf 89' lang='lat' dir='ltr'><strong>fecit.</strong></span> 
     </span>
     <span class='ocr_line' id='line_1_11' title="bbox 304 1706 1646 1770; baseline 0 -16"><span class='ocrx_word' id='word_1_51' title='bbox 304 1723 521 1770; x_wconf 88' lang='lat' dir='ltr'><strong>namque</strong></span> <span class='ocrx_word' id='word_1_52' title='bbox 557 1706 645 1755; x_wconf 91' lang='lat' dir='ltr'><strong>erit</strong></span> <span class='ocrx_word' id='word_1_53' title='bbox 681 1707 761 1755; x_wconf 93' lang='lat' dir='ltr'><strong>ille</strong></span> <span class='ocrx_word' id='word_1_54' title='bbox 798 1706 919 1754; x_wconf 90' lang='lat' dir='ltr'><strong>mihi</strong></span> <span class='ocrx_word' id='word_1_55' title='bbox 956 1724 1149 1769; x_wconf 91' lang='lat' dir='ltr'><strong>semper</strong></span> <span class='ocrx_word' id='word_1_56' title='bbox 1184 1708 1321 1766; x_wconf 91' lang='lat' dir='ltr'><strong>deus,</strong></span> <span class='ocrx_word' id='word_1_57' title='bbox 1348 1706 1476 1755; x_wconf 89' lang='lat' dir='ltr'><strong>illius</strong></span> <span class='ocrx_word' id='word_1_58' title='bbox 1512 1723 1646 1754; x_wconf 90' lang='lat' dir='ltr'><strong>aram</strong></span> 
     </span>
     <span class='ocr_line' id='line_1_12' title="bbox 305 1787 1615 1850; baseline 0.001 -15"><span class='ocrx_word' id='word_1_59' title='bbox 305 1803 452 1849; x_wconf 88' lang='lat' dir='ltr'><strong>saepe</strong></span> <span class='ocrx_word' id='word_1_60' title='bbox 489 1797 626 1836; x_wconf 91' lang='lat' dir='ltr'><strong>tener</strong></span> <span class='ocrx_word' id='word_1_61' title='bbox 660 1787 837 1836; x_wconf 89' lang='lat' dir='ltr'><strong>nostris</strong></span> <span class='ocrx_word' id='word_1_62' title='bbox 874 1789 938 1836; x_wconf 88' lang='lat' dir='ltr'><strong>ab</strong></span> <span class='ocrx_word' id='word_1_63' title='bbox 975 1788 1185 1836; x_wconf 89' lang='lat' dir='ltr'><strong>ovilibus</strong></span> <span class='ocrx_word' id='word_1_64' title='bbox 1222 1788 1412 1836; x_wconf 89' lang='lat' dir='ltr'><strong>imbuet</strong></span> <span class='ocrx_word' id='word_1_65' title='bbox 1447 1804 1615 1850; x_wconf 79' lang='lat' dir='ltr'><strong>agnus,</strong></span> 
     </span>
     <span class='ocr_line' id='line_1_13' title="bbox 304 1868 1537 1931; baseline 0.002 -16"><span class='ocrx_word' id='word_1_66' title='bbox 304 1868 385 1916; x_wconf 92' lang='lat' dir='ltr'><strong>ille</strong></span> <span class='ocrx_word' id='word_1_67' title='bbox 422 1885 556 1916; x_wconf 88' lang='lat' dir='ltr'><strong>meas</strong></span> <span class='ocrx_word' id='word_1_68' title='bbox 593 1885 748 1916; x_wconf 90' lang='lat' dir='ltr'><strong>errare</strong></span> <span class='ocrx_word' id='word_1_69' title='bbox 785 1869 950 1928; x_wconf 88' lang='lat' dir='ltr'><strong>boves,</strong></span> <span class='ocrx_word' id='word_1_70' title='bbox 989 1878 1044 1917; x_wconf 93' lang='lat' dir='ltr'><strong>ut</strong></span> <span class='ocrx_word' id='word_1_71' title='bbox 1080 1869 1251 1928; x_wconf 89' lang='lat' dir='ltr'><strong>cernis,</strong></span> <span class='ocrx_word' id='word_1_72' title='bbox 1291 1878 1339 1917; x_wconf 88' lang='lat' dir='ltr'><strong>et</strong></span> <span class='ocrx_word' id='word_1_73' title='bbox 1374 1868 1537 1931; x_wconf 88' lang='lat' dir='ltr'><strong>ipsum</strong></span> 
     </span>
     <span class='ocr_line' id='line_1_14' title="bbox 304 1949 1872 2012; baseline 0 -16"><span class='ocrx_word' id='word_1_74' title='bbox 304 1950 474 1997; x_wconf 91' lang='lat' dir='ltr'><strong>ludere</strong></span> <span class='ocrx_word' id='word_1_75' title='bbox 511 1965 638 2011; x_wconf 89' lang='lat' dir='ltr'><strong>quae</strong></span> <span class='ocrx_word' id='word_1_76' title='bbox 672 1950 862 1998; x_wconf 66' lang='lat' dir='ltr'><strong>vellem’</strong></span> <span class='ocrx_word' id='word_1_77' title='bbox 888 1951 1078 1998; x_wconf 89' lang='lat' dir='ltr'><strong>calamo</strong></span> <span class='ocrx_word' id='word_1_78' title='bbox 1114 1949 1334 2012; x_wconf 89' lang='lat' dir='ltr'><strong>permisit</strong></span> <span class='ocrx_word' id='word_1_79' title='bbox 1370 1949 1558 2012; x_wconf 83' lang='lat' dir='ltr'><strong>agresti.</strong></span> <span class='ocrx_word' id='word_1_80' title='bbox 1822 1970 1872 1997; x_wconf 91' lang='lat'><strong>10</strong></span> 
     </span>
     <span class='ocr_line' id='line_1_15' title="bbox 203 2029 1763 2092; baseline 0.001 -16"><span class='ocrx_word' id='word_1_81' title='bbox 203 2037 261 2076; x_wconf 91' lang='lat' dir='ltr'><strong>M.</strong></span> <span class='ocrx_word' id='word_1_82' title='bbox 303 2031 422 2078; x_wconf 91' lang='lat' dir='ltr'><strong>Non</strong></span> <span class='ocrx_word' id='word_1_83' title='bbox 462 2029 694 2092; x_wconf 90' lang='lat' dir='ltr'><strong>equidem</strong></span> <span class='ocrx_word' id='word_1_84' title='bbox 731 2029 944 2089; x_wconf 83' lang='lat' dir='ltr'><strong>invideo,</strong></span> <span class='ocrx_word' id='word_1_85' title='bbox 983 2030 1132 2078; x_wconf 91' lang='lat' dir='ltr'><strong>miror</strong></span> <span class='ocrx_word' id='word_1_86' title='bbox 1168 2030 1356 2092; x_wconf 70' lang='lat' dir='ltr'><strong>magis,</strong></span> <span class='ocrx_word' id='word_1_87' title='bbox 1391 2030 1613 2092; x_wconf 88' lang='lat' dir='ltr'><strong>undique</strong></span> <span class='ocrx_word' id='word_1_88' title='bbox 1650 2029 1763 2079; x_wconf 92' lang='lat' dir='ltr'><strong>totis</strong></span> 
     </span>
     <span class='ocr_line' id='line_1_16' title="bbox 303 2110 1584 2173; baseline 0 -15"><span class='ocrx_word' id='word_1_89' title='bbox 303 2127 461 2173; x_wconf 87' lang='lat' dir='ltr'><strong>usque</strong></span> <span class='ocrx_word' id='word_1_90' title='bbox 496 2112 623 2159; x_wconf 92' lang='lat' dir='ltr'><strong>adeo</strong></span> <span class='ocrx_word' id='word_1_91' title='bbox 659 2111 881 2159; x_wconf 88' lang='lat' dir='ltr'><strong>turbatur</strong></span> <span class='ocrx_word' id='word_1_92' title='bbox 915 2110 1053 2173; x_wconf 85' lang='lat' dir='ltr'><strong>agris.</strong></span> <span class='ocrx_word' id='word_1_93' title='bbox 1117 2128 1193 2170; x_wconf 91' lang='lat' dir='ltr'><strong>en,</strong></span> <span class='ocrx_word' id='word_1_94' title='bbox 1231 2111 1336 2173; x_wconf 90' lang='lat' dir='ltr'><strong>ipse</strong></span> <span class='ocrx_word' id='word_1_95' title='bbox 1373 2113 1584 2173; x_wconf 89' lang='lat' dir='ltr'><strong>capellas</strong></span> 
     </span>
     <span class='ocr_line' id='line_1_17' title="bbox 302 2191 1754 2254; baseline 0.001 -16"><span class='ocrx_word' id='word_1_96' title='bbox 302 2191 525 2254; x_wconf 90' lang='lat' dir='ltr'><strong>protinus</strong></span> <span class='ocrx_word' id='word_1_97' title='bbox 560 2208 703 2254; x_wconf 89' lang='lat' dir='ltr'><strong>aeger</strong></span> <span class='ocrx_word' id='word_1_98' title='bbox 737 2208 865 2254; x_wconf 69' lang='lat' dir='ltr'><strong>ago,</strong></span> <span class='ocrx_word' id='word_1_99' title='bbox 911 2193 1041 2239; x_wconf 87' lang='lat' dir='ltr'><strong>hanc</strong></span> <span class='ocrx_word' id='word_1_100' title='bbox 1077 2191 1225 2240; x_wconf 90' lang='lat' dir='ltr'><strong>etiam</strong></span> <span class='ocrx_word' id='word_1_101' title='bbox 1260 2191 1352 2251; x_wconf 86' lang='lat' dir='ltr'><strong>vix,</strong></span> <span class='ocrx_word' id='word_1_102' title='bbox 1391 2191 1571 2254; x_wconf 91' lang='lat' dir='ltr'><strong>Tityre,</strong></span> <span class='ocrx_word' id='word_1_103' title='bbox 1610 2193 1754 2240; x_wconf 88' lang='lat' dir='ltr'><strong>duco.</strong></span> 
     </span>
     <span class='ocr_line' id='line_1_18' title="bbox 303 2272 1716 2335; baseline 0.001 -16"><span class='ocrx_word' id='word_1_104' title='bbox 303 2273 385 2321; x_wconf 86' lang='lat' dir='ltr'><strong>hic</strong></span> <span class='ocrx_word' id='word_1_105' title='bbox 421 2272 546 2321; x_wconf 90' lang='lat' dir='ltr'><strong>inter</strong></span> <span class='ocrx_word' id='word_1_106' title='bbox 582 2273 759 2321; x_wconf 88' lang='lat' dir='ltr'><strong>densas</strong></span> <span class='ocrx_word' id='word_1_107' title='bbox 798 2274 987 2335; x_wconf 87' lang='lat' dir='ltr'><strong>corylos</strong></span> <span class='ocrx_word' id='word_1_108' title='bbox 1025 2274 1179 2321; x_wconf 91' lang='lat' dir='ltr'><strong>modo</strong></span> <span class='ocrx_word' id='word_1_109' title='bbox 1215 2289 1431 2334; x_wconf 90' lang='lat' dir='ltr'><strong>namque</strong></span> <span class='ocrx_word' id='word_1_110' title='bbox 1467 2274 1716 2334; x_wconf 86' lang='lat' dir='ltr'><strong>gemellos,</strong></span> 
     </span>
     <span class='ocr_line' id='line_1_19' title="bbox 304 2352 1867 2442; baseline -0.001 -41"><span class='ocrx_word' id='word_1_111' title='bbox 304 2370 442 2415; x_wconf 90' lang='lat' dir='ltr'><strong>spem</strong></span> <span class='ocrx_word' id='word_1_112' title='bbox 479 2352 648 2415; x_wconf 86' lang='lat' dir='ltr'><strong>gregis,</strong></span> <span class='ocrx_word' id='word_1_113' title='bbox 686 2365 728 2412; x_wconf 90' lang='lat' dir='ltr'><strong>a,</strong></span> <span class='ocrx_word' id='word_1_114' title='bbox 768 2353 902 2401; x_wconf 89' lang='lat' dir='ltr'><strong>silice</strong></span> <span class='ocrx_word' id='word_1_115' title='bbox 939 2353 989 2400; x_wconf 90' lang='lat' dir='ltr'><strong>in</strong></span> <span class='ocrx_word' id='word_1_116' title='bbox 1025 2355 1161 2401; x_wconf 91' lang='lat' dir='ltr'><strong>nuda</strong></span> <span class='ocrx_word' id='word_1_117' title='bbox 1198 2352 1373 2442; x_wconf 47' lang='lat' dir='ltr'><strong>coniy</strong></span> <span class='ocrx_word' id='word_1_118' title='bbox 1408 2353 1615 2415; x_wconf 89' lang='lat' dir='ltr'><strong>reliquit.</strong></span> <span class='ocrx_word' id='word_1_119' title='bbox 1821 2371 1867 2410; x_wconf 88' lang='lat'><strong>15</strong></span> 
     </span>
     <span class='ocr_line' id='line_1_20' title="bbox 304 2432 1785 2496; baseline 0 -15"><span class='ocrx_word' id='word_1_120' title='bbox 304 2450 450 2496; x_wconf 88' lang='lat' dir='ltr'><strong>saepe</strong></span> <span class='ocrx_word' id='word_1_121' title='bbox 487 2435 672 2481; x_wconf 91' lang='lat' dir='ltr'><strong>malum</strong></span> <span class='ocrx_word' id='word_1_122' title='bbox 707 2435 805 2482; x_wconf 88' lang='lat' dir='ltr'><strong>hoc</strong></span> <span class='ocrx_word' id='word_1_123' title='bbox 840 2433 999 2493; x_wconf 91' lang='lat' dir='ltr'><strong>nobis,</strong></span> <span class='ocrx_word' id='word_1_124' title='bbox 1038 2433 1079 2481; x_wconf 91' lang='lat' dir='ltr'><strong>si</strong></span> <span class='ocrx_word' id='word_1_125' title='bbox 1115 2450 1255 2482; x_wconf 79' lang='lat' dir='ltr'><strong>mens</strong></span> <span class='ocrx_word' id='word_1_126' title='bbox 1291 2449 1394 2481; x_wconf 93' lang='lat' dir='ltr'><strong>non</strong></span> <span class='ocrx_word' id='word_1_127' title='bbox 1430 2435 1567 2481; x_wconf 89' lang='lat' dir='ltr'><strong>laeva</strong></span> <span class='ocrx_word' id='word_1_128' title='bbox 1603 2432 1785 2492; x_wconf 87' lang='lat' dir='ltr'><strong>fuisset,</strong></span> 
     </span>
     <span class='ocr_line' id='line_1_21' title="bbox 304 2513 1548 2576; baseline -0.001 -13"><span class='ocrx_word' id='word_1_129' title='bbox 304 2516 368 2563; x_wconf 90' lang='lat' dir='ltr'><strong>de</strong></span> <span class='ocrx_word' id='word_1_130' title='bbox 404 2516 542 2563; x_wconf 87' lang='lat' dir='ltr'><strong>caelo</strong></span> <span class='ocrx_word' id='word_1_131' title='bbox 578 2523 731 2562; x_wconf 88' lang='lat' dir='ltr'><strong>tactas</strong></span> <span class='ocrx_word' id='word_1_132' title='bbox 768 2513 971 2563; x_wconf 90' lang='lat' dir='ltr'><strong>memini</strong></span> <span class='ocrx_word' id='word_1_133' title='bbox 1006 2514 1289 2576; x_wconf 88' lang='lat' dir='ltr'><strong>praedicere</strong></span> <span class='ocrx_word' id='word_1_134' title='bbox 1327 2531 1548 2576; x_wconf 84' lang='lat' dir='ltr'><strong>quercus.</strong></span> 
     </span>
     <span class='ocr_line' id='line_1_22' title="bbox 304 2595 1645 2658; baseline -0.001 -14"><span class='ocrx_word' id='word_1_135' title='bbox 304 2597 392 2644; x_wconf 89' lang='lat' dir='ltr'><strong>sed</strong></span> <span class='ocrx_word' id='word_1_136' title='bbox 428 2605 594 2644; x_wconf 90' lang='lat' dir='ltr'><strong>tamen</strong></span> <span class='ocrx_word' id='word_1_137' title='bbox 630 2595 721 2644; x_wconf 91' lang='lat' dir='ltr'><strong>iste</strong></span> <span class='ocrx_word' id='word_1_138' title='bbox 757 2597 879 2644; x_wconf 92' lang='lat' dir='ltr'><strong>deus</strong></span> <span class='ocrx_word' id='word_1_139' title='bbox 916 2595 1001 2658; x_wconf 90' lang='lat' dir='ltr'><strong>qui</strong></span> <span class='ocrx_word' id='word_1_140' title='bbox 1037 2595 1111 2654; x_wconf 88' lang='lat' dir='ltr'><strong>sit,</strong></span> <span class='ocrx_word' id='word_1_141' title='bbox 1151 2597 1228 2654; x_wconf 91' lang='lat' dir='ltr'><strong>da,</strong></span> <span class='ocrx_word' id='word_1_142' title='bbox 1268 2595 1449 2658; x_wconf 91' lang='lat' dir='ltr'><strong>Tityre,</strong></span> <span class='ocrx_word' id='word_1_143' title='bbox 1488 2595 1645 2644; x_wconf 87' lang='lat' dir='ltr'><strong>nobis.</strong></span> 
     </span>
     <span class='ocr_line' id='line_1_23' title="bbox 211 2675 1673 2739; baseline 0.002 -18"><span class='ocrx_word' id='word_1_144' title='bbox 211 2681 256 2722; x_wconf 93' lang='lat' dir='ltr'><strong>T.</strong></span> <span class='ocrx_word' id='word_1_145' title='bbox 307 2677 494 2725; x_wconf 91' lang='lat' dir='ltr'><strong>Vrbem</strong></span> <span class='ocrx_word' id='word_1_146' title='bbox 532 2693 681 2739; x_wconf 91' lang='lat' dir='ltr'><strong>quam</strong></span> <span class='ocrx_word' id='word_1_147' title='bbox 718 2676 890 2724; x_wconf 87' lang='lat' dir='ltr'><strong>dicunt</strong></span> <span class='ocrx_word' id='word_1_148' title='bbox 927 2678 1158 2735; x_wconf 87' lang='lat' dir='ltr'><strong>Romam,</strong></span> <span class='ocrx_word' id='word_1_149' title='bbox 1200 2676 1466 2735; x_wconf 88' lang='lat' dir='ltr'><strong>Meliboee,</strong></span> <span class='ocrx_word' id='word_1_150' title='bbox 1505 2675 1673 2739; x_wconf 90' lang='lat' dir='ltr'><strong>putavi</strong></span> 
     </span>
     <span class='ocr_line' id='line_1_24' title="bbox 304 2756 1869 2820; baseline -0.001 -16"><span class='ocrx_word' id='word_1_151' title='bbox 304 2759 479 2805; x_wconf 90' lang='lat' dir='ltr'><strong>stultus</strong></span> <span class='ocrx_word' id='word_1_152' title='bbox 505 2773 596 2819; x_wconf 85' lang='lat' dir='ltr'><strong>ego</strong></span> <span class='ocrx_word' id='word_1_153' title='bbox 620 2757 736 2805; x_wconf 89' lang='lat' dir='ltr'><strong>huie</strong></span> <span class='ocrx_word' id='word_1_154' title='bbox 760 2766 955 2806; x_wconf 83' lang='lat' dir='ltr'><strong>nostrae</strong></span> <span class='ocrx_word' id='word_1_155' title='bbox 980 2756 1205 2816; x_wconf 87' lang='lat' dir='ltr'><strong>similem,</strong></span> <span class='ocrx_word' id='word_1_156' title='bbox 1233 2774 1333 2820; x_wconf 87' lang='lat' dir='ltr'><strong>quo</strong></span> <span class='ocrx_word' id='word_1_157' title='bbox 1359 2774 1506 2820; x_wconf 87' lang='lat' dir='ltr'><strong>saepe</strong></span> <span class='ocrx_word' id='word_1_158' title='bbox 1531 2759 1745 2806; x_wconf 91' lang='lat' dir='ltr'><strong>solemus</strong></span> <span class='ocrx_word' id='word_1_159' title='bbox 1819 2777 1869 2804; x_wconf 85' lang='lat'><strong>20</strong></span> 
     </span>
     <span class='ocr_line' id='line_1_25' title="bbox 303 2837 1415 2900; baseline -0.001 -14"><span class='ocrx_word' id='word_1_160' title='bbox 303 2847 523 2900; x_wconf 89' lang='lat' dir='ltr'><strong>pastores</strong></span> <span class='ocrx_word' id='word_1_161' title='bbox 560 2837 726 2886; x_wconf 89' lang='lat' dir='ltr'><strong>ovium</strong></span> <span class='ocrx_word' id='word_1_162' title='bbox 762 2847 957 2886; x_wconf 90' lang='lat' dir='ltr'><strong>teneros</strong></span> <span class='ocrx_word' id='word_1_163' title='bbox 994 2839 1240 2899; x_wconf 90' lang='lat' dir='ltr'><strong>depellere</strong></span> <span class='ocrx_word' id='word_1_164' title='bbox 1276 2839 1415 2886; x_wconf 89' lang='lat' dir='ltr'><strong>fetus.</strong></span> 
     </span>
    </p>
   </div>
   <div class='ocr_carea' id='block_1_5' title="bbox 205 2950 1867 3076">
    <p class='ocr_par' dir='ltr' id='par_1_5' title="bbox 205 2950 1867 3076">
     <span class='ocr_line' id='line_1_26' title="bbox 260 2950 1867 3014; baseline -0.001 -11"><span class='ocrx_word' id='word_1_165' title='bbox 260 2965 291 3004; x_wconf 90' lang='grc' dir='ltr'><strong>Ι.</strong></span> <span class='ocrx_word' id='word_1_166' title='bbox 336 2977 434 3003; x_wconf 88' lang='lat'>1—21</span> <span class='ocrx_word' id='word_1_167' title='bbox 458 2965 539 3004; x_wconf 88' lang='lat' dir='ltr'><strong>PR</strong></span> <span class='ocrx_word' id='word_1_168' title='bbox 790 2978 838 3003; x_wconf 91' lang='lat'><strong>12</strong></span> <span class='ocrx_word' id='word_1_169' title='bbox 869 2950 1058 3003; x_wconf 85' lang='lat' dir='ltr'><strong>turbatur</strong></span> <span class='ocrx_word' id='word_1_170' title='bbox 1078 2964 1147 3002; x_wconf 71' lang='lat' dir='ltr'><strong>b²n</strong></span> <span class='ocrx_word' id='word_1_171' title='bbox 1178 2964 1470 3014; x_wconf 80' lang='lat' dir='ltr'><strong>Quz&#39;ntilicmus,</strong></span> <span class='ocrx_word' id='word_1_172' title='bbox 1497 2964 1646 3014; x_wconf 81' lang='lat' dir='ltr'><strong>probat</strong></span> <span class='ocrx_word' id='word_1_173' title='bbox 1673 2962 1867 3003; x_wconf 77' lang='lat' dir='ltr'><strong>Servius:</strong></span> 
     </span>
     <span class='ocr_line' id='line_1_27' title="bbox 205 3018 1223 3076; baseline 0 -20"><span class='ocrx_word' id='word_1_174' title='bbox 205 3019 421 3058; x_wconf 89' lang='lat' dir='ltr'><strong>turbamur</strong></span> <span class='ocrx_word' id='word_1_175' title='bbox 439 3019 590 3070; x_wconf 75' lang='lat' dir='ltr'><em>PRb¹7</em></span> <span class='ocrx_word' id='word_1_176' title='bbox 612 3019 677 3072; x_wconf 82' lang='lat' dir='ltr'><strong>(ut</strong></span> <span class='ocrx_word' id='word_1_177' title='bbox 693 3019 882 3076; x_wconf 65' lang='lat' dir='ltr'><strong>vzdetur),</strong></span> <span class='ocrx_word' id='word_1_178' title='bbox 907 3019 1090 3068; x_wconf 81' lang='lat' dir='ltr'><strong>agnoscit</strong></span> <span class='ocrx_word' id='word_1_179' title='bbox 1107 3018 1223 3057; x_wconf 75' lang='lat' dir='ltr'><strong>Serv.</strong></span> 
     </span>
    </p>
   </div>
   <div class='ocr_carea' id='block_1_6' title="bbox 258 3087 1755 3126">
    <p class='ocr_par' dir='ltr' id='par_1_6' title="bbox 258 3087 1755 3126">
     <span class='ocr_line' id='line_1_28' title="bbox 258 3087 1755 3126; baseline 0 -2"><span class='ocrx_word' id='word_1_180' title='bbox 258 3098 390 3126; x_wconf 77' lang='lat' dir='ltr'><strong>VERG.</strong></span> <span class='ocrx_word' id='word_1_181' title='bbox 1735 3087 1755 3124; x_wconf 92' lang='lat'>1</span> 
     </span>
    </p>
   </div>
  </div>
 </body>
</html>
