2014 3372
1351 146 1711 195 AENEIDOS
1747 145 1824 193 VI

156 292 289 343 idem
325 309 469 342 orans
506 292 740 340 mandata
776 290 940 339 dabat.
1015 287 1218 351 natique
1254 286 1517 351 patrisque,

154 376 296 433 alma,
335 389 520 436 precor,
561 371 791 420 miserere
829 370 991 434 (potes
1029 385 1248 431 namque
1284 366 1465 427 omnia,
1506 383 1599 414 nec
1636 375 1684 413 te

155 453 457 517 nequiquam
492 452 616 500 lucis
655 454 850 500 Hecate
884 449 1118 514 praefecit
1154 447 1399 513 Avernis),

155 535 195 584 si
231 535 390 599 potuit
426 534 584 583 manis
619 550 869 583 accersere
905 531 1128 595 coniugis
1165 532 1396 593 Orpheus

155 617 383 666 Threicia
418 619 568 665 fretus
605 616 791 665 cithara
825 614 1110 677 fidibusque
1147 612 1353 671 canoris,
1749 630 1828 659 120

156 699 196 748 si
231 702 426 748 fratrem
464 701 640 748 Pollux
674 700 862 747 alterna
897 706 1055 746 morte
1090 695 1300 745 redemit

156 781 291 843 itque
327 780 552 843 reditque
586 779 715 828 viam
755 778 949 827 totiens.
1024 777 1147 841 quid
1182 778 1392 835 Thesea,
1432 792 1668 838 magnum

156 862 277 925 quid
313 879 585 911 memorem
620 861 876 910 Alciden?
923 870 971 909 et
1007 859 1077 908 mi
1112 876 1268 923 genus
1303 859 1368 907 ab
1408 860 1528 906 Iove
1565 858 1793 905 summo.'

223 944 428 992 Talibus
465 944 635 992 orabat
670 943 816 992 dictis
851 959 1059 1005 arasque
1095 941 1310 999 tenebat,

156 1042 270 1074 cum
307 1025 376 1073 sic
412 1042 522 1073 orsa
557 1024 694 1087 loqui
729 1034 892 1073 vates:
947 1028 1077 1071 ‘sate
1113 1021 1352 1085 sanguine
1388 1021 1573 1079 divum,
1750 1039 1824 1078 125

156 1109 281 1155 Tros
310 1105 634 1166 Anchisiade,
673 1105 829 1154 facilis
866 1107 1135 1154 descensus
1170 1106 1403 1151 Averno:

156 1196 328 1235 noctes
364 1196 513 1249 atque
550 1186 654 1235 dies
691 1196 826 1249 patet
862 1186 952 1234 atri
987 1185 1135 1234 ianua
1171 1184 1333 1245 Ditis;

157 1270 245 1317 sed
282 1285 509 1316 revocare
545 1270 750 1332 gradum
787 1283 1087 1330 superasque
1124 1267 1331 1315 evadere
1366 1268 1431 1314 ad
1467 1281 1621 1323 auras,

156 1351 253 1397 hoc
290 1365 428 1411 opus,
468 1348 548 1396 hic
584 1349 724 1397 labor
759 1357 847 1396 est.
920 1346 1079 1410 pauci,
1119 1363 1244 1409 quos
1281 1363 1469 1409 aequus
1498 1345 1688 1404 ¹amavit

158 1429 380 1492 Iuppiter
416 1438 499 1477 aut
534 1431 711 1478 ardens
749 1428 907 1478 evexit
942 1431 1006 1478 ad
1042 1429 1241 1476 aethera
1276 1427 1441 1486 virtUS,
1750 1447 1830 1487 130

157 1512 232 1562 dis
268 1512 419 1575 geniti
456 1522 673 1576 potuere.
748 1522 919 1562 tenent
955 1512 1121 1561 media
1156 1510 1325 1560 omnia
1360 1510 1522 1570 silvae,

158 1598 476 1659 Cocytusque
513 1596 623 1644 sinu
660 1597 831 1645 labens
870 1594 1192 1644 circumvenit
1227 1603 1345 1642 atro.

160 1678 296 1739 quod
333 1676 372 1724 si
409 1685 573 1724 tantus
610 1693 749 1725 amor
784 1675 953 1735 menti,
993 1675 1033 1724 si
1069 1684 1205 1723 tanta
1241 1673 1425 1736 cupido
1461 1682 1535 1721 est

158 1756 233 1804 bis
271 1756 462 1819 Stygios
500 1756 670 1805 innare
706 1759 855 1816 lacus,
895 1756 969 1804 bis
1006 1755 1143 1818 nigra
1177 1754 1344 1803 videre

158 1840 373 1897 Tartara,
416 1847 464 1886 et
500 1837 675 1886 insano
712 1837 846 1885 iuvat
881 1836 1135 1899 indulgere
1171 1834 1341 1894 labori,
1749 1852 1826 1892 135

157 1918 326 1982 accipe
365 1935 492 1982 quae
528 1920 809 1981 peragenda
843 1917 989 1981 prius.
1062 1919 1180 1966 latet
1215 1916 1389 1965 arbore
1425 1931 1582 1978 opaca

157 2016 331 2048 aureus
370 2008 418 2048 et
454 1998 581 2047 foliis
619 2008 667 2047 et
702 2001 837 2047 lento
872 1997 1056 2046 vimine
1092 2014 1270 2056 ramus,

161 2081 343 2130 Iunoni
381 2081 600 2129 infernae
637 2080 798 2129 dictus
836 2096 1000 2139 sacer3
1047 2080 1181 2126 hunc
1218 2077 1336 2140 tegit
1374 2075 1535 2125 omnis

158 2165 298 2212 lucus
337 2172 385 2211 et
422 2162 644 2211 obscuris
681 2163 919 2210 claudunt
955 2159 1260 2209 convallibus
1297 2159 1514 2206 umbrae.

159 2246 247 2293 sed
284 2261 385 2293 non
422 2253 536 2293 ante
573 2245 717 2292 datur
752 2242 936 2291 telluris
973 2250 1143 2304 operta
1178 2240 1342 2288 subire
1748 2257 1829 2298 140

158 2324 435 2374 auricomos
474 2341 623 2387 quam
667 2323 752 2387 qui
788 2322 1085 2385 decerpserit
1120 2322 1293 2369 arbore
1328 2322 1468 2368 fetus.

158 2407 255 2454 hoc
292 2405 385 2454 sibi
420 2406 626 2467 pulchra
662 2421 806 2452 suum
843 2403 955 2452 ferri
992 2400 1285 2464 Proserpina
1320 2416 1500 2448 munus

158 2485 378 2534 instituit.
453 2485 612 2548 primo
649 2487 819 2533 avulso
855 2501 958 2532 non
995 2482 1162 2531 deficit
1196 2483 1317 2529 alter

159 2584 347 2625 aureus,
390 2576 437 2615 et
474 2566 620 2614 simili
657 2565 926 2615 frondescit
962 2564 1095 2627 virga
1130 2564 1342 2611 metallo.

160 2664 274 2711 ergo
310 2649 407 2695 alte
443 2647 628 2710 vestiga
664 2646 818 2695 oculis
855 2655 904 2694 et
939 2645 1028 2693 rite
1064 2653 1311 2707 repertum
1748 2660 1823 2700 145

160 2745 305 2791 carpe
342 2744 492 2775 manu
510 2746 523 2787 3
571 2744 786 2790 namque
822 2727 927 2790 ipse
964 2727 1135 2774 volens
1171 2723 1426 2785 facilisque
1461 2731 1705 2785 sequetur,

220 2857 408 2905 116-146
426 2855 557 2894 MPR
768 2866 843 2892 122
872 2852 1125 2903 interpunxit
1143 2851 1273 2899 Serv„
1298 2851 1421 2901 vulgo
1439 2849 1606 2888 Thesea
1627 2861 1824 2898 magnum

162 2911 341 2962 iungunt
465 2911 542 2947 126
562 2908 734 2946 Averno
755 2914 820 2946 est
842 2906 908 2945 M*
926 2921 934 2945 :
966 2906 1129 2944 Averni
1151 2903 1385 2954 P2R7b²crr‚
1406 2908 1630 2953 utrumque
1648 2903 1828 2953 agnoscit

162 2964 276 3003 Serv.
406 2975 481 3012 133
510 2968 575 3001 est
596 2975 678 3000 om.
701 2960 812 2999 M²P
948 2972 1020 3009 141
1053 2959 1147 3008 quis
1166 2958 1352 3009 PR-ybcrr
1493 2971 1569 3006 144
1597 2970 1729 2996 aurea
1749 2957 1827 2996 sed

162 3017 339 3057 Klouffek
448 3017 593 3056 similis
613 3016 666 3055 M
