2014 3372
1312 158 1674 208 AENEIDOS
1713 157 1788 206 IV

119 298 403 362 coniugium
438 307 595 358 vocat,
633 300 731 347 hoc
765 297 1002 362 praetexit
1037 296 1241 347 nomine
1277 299 1488 361 culpam.

188 382 451 443 Extemplo
489 379 674 443 Libyae
710 396 912 443 magnas
948 379 986 428 it
1023 382 1175 428 Fama
1211 396 1298 442 per
1332 380 1491 439 urbes,

119 465 284 521 Fama,
324 464 509 510 malum
546 478 644 525 qua
678 478 781 510 non
816 461 951 511 aliud
989 461 1204 510 velocius
1241 463 1426 510 ullum:

118 542 392 592 mobilitate
428 541 558 605 viget
593 542 805 605 virisque
841 541 1056 605 adquirit
1092 544 1273 602 eundo,
1713 561 1787 604 175

118 641 266 688 parva
301 632 435 672 metu
471 623 645 687 primo,
683 640 800 672 mox
836 640 943 672 sese
984 623 1162 672 attollit
1200 623 1251 672 in
1286 640 1427 672 auras

118 704 484 768 ingrediturque
521 707 628 754 solo
647 714 713 753 et
749 714 897 767 caput
932 704 1058 754 inter
1093 705 1264 754 nubila
1299 705 1484 755 condit.

118 786 252 834 illam
288 789 438 835 Terra
473 803 648 849 parens
684 785 754 834 ira
789 785 984 834 inritata
1019 788 1226 836 deorum

119 877 398 927 extremam,
438 876 491 916 ut
527 867 801 930 perhibent,
842 868 981 917 Coeo
1020 869 1377 931 Enceladoque
1414 884 1631 917 sororem

117 948 377 1012 progenuit
411 948 623 1011 pedibus
660 951 870 998 celerem
906 958 955 997 et
989 948 1271 1012 pernicibus
1307 948 1410 1008 alis,
1715 958 1792 996 180

118 1039 392 1080 monstrum
411 1031 727 1089 horrendum,
750 1029 936 1094 ingens,
958 1030 1038 1078 cui
1063 1039 1185 1093 quot
1210 1039 1323 1079 sunt
1344 1046 1548 1093 corpore
1572 1031 1786 1092 plumae,

118 1121 191 1160 tot
226 1111 393 1175 vigiles
430 1111 562 1160 oculi
591 1111 758 1160 subter
795 1111 1037 1176 (mirabile
1073 1109 1247 1176 dictu),

119 1202 192 1241 tot
226 1193 433 1255 linguae,
472 1193 680 1242 totidem
718 1209 802 1241 ora
838 1202 1029 1252 sonant,
1068 1201 1141 1241 tot
1178 1191 1382 1255 subrigit
1417 1191 1558 1240 auris.

118 1283 265 1322 nocte
301 1276 433 1322 volat
470 1273 592 1322 caeli
629 1273 795 1322 medio
833 1282 1087 1336 terraeque
1123 1289 1210 1335 per
1245 1273 1472 1321 umbram

119 1354 340 1414 stridens,
382 1372 474 1404 nec
511 1354 644 1403 dulci
680 1354 895 1403 declinat
930 1353 1118 1402 lumina
1154 1370 1331 1402 somno
1347 1371 1362 1414 ,-
1714 1363 1790 1414 185

118 1437 228 1484 luce
264 1437 403 1484 sedet
439 1444 604 1484 custos
639 1443 725 1483 aut
760 1434 942 1483 summi
977 1434 1193 1483 culmine
1229 1433 1346 1482 tecti

118 1516 329 1566 turribus
364 1526 449 1565 aut
482 1516 606 1576 altis,
646 1525 694 1565 et
730 1533 931 1579 magnas
968 1515 1152 1565 territat
1188 1516 1347 1575 urbes,

118 1607 218 1646 tam
256 1585 357 1646 ficti
391 1597 626 1661 pravique
662 1607 809 1646 tenax
844 1615 994 1660 quam
1030 1597 1204 1645 nuntia
1239 1596 1352 1645 veri.

118 1681 242 1728 haec
278 1689 383 1728 turn
417 1679 677 1743 multiplici
712 1681 923 1743 populos
960 1695 1188 1728 sermone
1224 1678 1444 1741 replebat

117 1765 351 1827 gaudenS,
392 1774 440 1812 et
476 1763 654 1826 pariter
688 1765 817 1812 facta
851 1772 1000 1826 atque
1035 1762 1216 1811 infecta
1252 1762 1495 1811 canebat:
1711 1781 1790 1823 190

118 1845 310 1894 venisse
345 1848 552 1894 Aenean
589 1844 806 1893 Troiano
843 1844 1080 1907 sanguine
1117 1853 1319 1903 cretum,

118 1926 198 1975 cui
234 1943 286 1975 se
322 1928 527 1989 pulchra
560 1925 663 1974 viro
699 1925 927 1989 dignetur
963 1925 1162 1988 iungere
1200 1924 1370 1984 Did03

118 2024 251 2056 nunc
287 2007 502 2056 hiemem
539 2007 664 2056 inter
700 2024 751 2056 se
786 2009 917 2066 luxu,
957 2024 1105 2069 quarn
1142 2002 1302 2069 longa,
1340 2007 1506 2053 fovere

118 2105 378 2151 regnorum
415 2088 730 2136 immemores
767 2086 995 2150 turpique
1032 2086 1265 2149 cupidine
1302 2094 1485 2147 captos.

118 2171 240 2218 haec
276 2169 459 2232 passim
497 2170 591 2218 dea
628 2169 775 2217 foeda
810 2167 967 2216 virum
1004 2166 1237 2216 diffundit
1273 2166 1325 2214 in
1360 2183 1457 2216 ora.
1713 2184 1786 2226 195

118 2249 340 2312 protinus
376 2252 441 2299 ad
477 2267 642 2312 regem
678 2266 847 2298 cursus
884 2251 1146 2312 detorquet
1184 2248 1365 2297 Iarban

118 2329 438 2395 incenditque
474 2331 695 2379 animum
732 2330 875 2379 dictis
912 2339 1060 2393 atque
1095 2338 1290 2393 aggerat
1325 2328 1431 2377 iras.

188 2412 290 2461 Hic
328 2415 616 2461 Hammone
653 2421 785 2461 satus
821 2421 959 2475 rapta
996 2410 1349 2460 Garamantide
1384 2410 1603 2473 nympha

119 2495 303 2555 templa
341 2492 447 2541 Iovi
485 2501 685 2541 centum
721 2492 830 2540 latis
867 2491 1102 2540 immania
1137 2490 1310 2554 regnis,

119 2584 319 2622 centum
355 2591 460 2622 aras
496 2573 660 2636 posuit
695 2573 991 2636 vigilemque
1027 2581 1298 2621 sacraverat
1332 2571 1510 2634 ignem,
1711 2591 1789 2620 200

120 2655 350 2703 excubias
387 2654 555 2703 divum
591 2663 828 2714 aeternas,
867 2655 1219 2717 pecudumque
1255 2670 1427 2702 cruore

119 2736 301 2799 pingue
337 2737 496 2783 solum
534 2744 582 2783 et
616 2735 758 2784 variis
795 2735 1019 2785 florentia
1053 2734 1225 2783 limina
1260 2734 1411 2784 sertis.

178 2856 253 2892 172
271 2845 362 2893 -196
383 2841 577 2890 MPRV3
612 2855 797 2892 197—202
828 2842 957 2880 MPR
1163 2854 1238 2890 174
1268 2855 1352 2890 quo
1371 2840 1590 2891 P³V7²bcn
1609 2840 1786 2880 Priscia-

122 2911 203 2937 nus
220 2897 332 2937 Serv.
489 2910 565 2946 179
594 2902 783 2936 extrema
805 2896 866 2935 Rl
1028 2897 1103 2934 182
1126 2900 1222 2946 post
1242 2896 1349 2934 oculi
1370 2895 1626 2946 z'nterpungit
1643 2895 1795 2934 Nauck

125 2953 200 3001 187
231 2963 407 3002 magnas
446 2957 489 2990 et
526 2951 579 2990 M
582 2950 596 2973 ¹
767 2963 838 3001 191
870 2964 895 2990 a
933 2950 1138 3000 sanguine
1172 2948 1260 3000 R72
1430 2951 1507 3001 196
1537 2962 1661 2989 cursu
1700 2948 1786 2990 P²z

123 3019 290 3044 cursum
310 3021 339 3056 γ
358 3005 519 3044 Nonius

185 3082 310 3110 VERG.
1637 3059 1688 3099 13
