2014 3372
262 162 314 209 P.
359 162 659 210 VERGILI
698 161 1023 210 MARONIS

266 301 555 365 Argolicum
591 310 826 350 terrorem
864 301 990 350 inter
1025 300 1306 365 Troiaeque
1344 302 1539 352 labores

266 384 516 432 sublatum
553 383 745 442 erudiit,
786 399 879 432 nec
916 392 1082 432 tecum
1119 383 1235 432 talia
1271 383 1399 447 gessi

265 464 638 528 magnanimum
674 467 883 513 Aenean
920 473 968 513 et
1005 466 1103 513 fata
1140 473 1357 513 extrema
1393 474 1623 515 secutus:

265 555 338 595 est
374 545 469 605 hic,
509 555 582 595 est
619 545 814 594 animus
851 544 974 594 lucis
1012 554 1327 608 contemptor
1363 555 1412 595 et
1448 545 1597 595 istum
1859 563 1939 608 205

263 627 348 690 qui
384 627 483 675 vita
520 627 649 675 bene
686 628 855 675 credat
891 626 1003 686 emi,
1043 643 1144 690 quo
1181 626 1358 686 tendis,
1398 629 1676 677 honorem.'

264 709 416 758 Nisus
452 710 518 758 ad
554 711 708 758 haec:
760 708 1023 772 ‘equidem
1060 710 1124 757 de
1160 718 1209 757 te
1246 708 1314 756 nil
1351 711 1447 758 tale
1484 711 1699 769 verebar,

261 793 355 840 nec
391 792 477 850 fas,
516 807 649 839 non:
699 790 766 839 ita
801 807 882 839 me
919 792 1094 839 referat
1131 790 1221 838 tibi
1258 807 1464 854 magnus
1501 800 1735 840 ovantem

263 872 485 936 Iuppiter
520 881 606 920 aut
642 871 947 935 quicumque
984 871 1140 921 oculis
1177 873 1301 920 haec
1336 871 1512 934 aspicit
1548 871 1732 935 aequis.

261 955 349 1002 sed
386 953 427 1002 si
463 953 573 1016 quis
612 952 762 1018 (quae
799 955 955 1002 multa
990 953 1129 1002 vides
1167 952 1450 1002 discrimine
1487 952 1593 1017 tali)
1859 973 1938 1003 210

260 1035 300 1084 si
337 1035 447 1099 quis
484 1036 535 1084 in
571 1037 834 1085 adversum
871 1036 1027 1100 rapiat
1063 1053 1268 1085 casusve
1305 1038 1503 1095 deusve,

261 1127 310 1167 te
347 1134 605 1181 superesse
641 1118 802 1178 velim,
843 1127 928 1167 tua
963 1119 1063 1167 vita
1098 1118 1292 1183 dignior
1328 1127 1474 1167 aetas.

261 1199 323 1248 sit
359 1200 445 1263 qui
482 1217 563 1249 me
599 1210 795 1264 raptum
832 1218 1000 1265 pugna
1034 1201 1255 1264 pretiove
1292 1201 1606 1263 redemptum

259 1284 463 1332 mandet
498 1285 667 1343 humo,
709 1283 853 1332 solita
887 1293 972 1332 aut
1009 1283 1049 1332 si
1086 1300 1184 1347 qua
1219 1283 1271 1332 id
1310 1285 1528 1332 Fortuna
1563 1282 1762 1343 vetabit,

258 1364 453 1414 absenti
489 1368 611 1414 ferat
647 1365 843 1415 inferias
881 1368 1183 1429 decoretque
1221 1367 1460 1428 sepulcro.
1859 1384 1936 1427 215

258 1463 357 1495 neu
394 1446 537 1495 matri
573 1446 780 1496 miserae
817 1446 941 1495 tanti
978 1447 1070 1495 sim
1108 1463 1256 1495 causa
1293 1446 1492 1505 doloris,

258 1525 385 1592 quae
422 1538 471 1577 te
508 1531 625 1588 sola,
666 1546 802 1592 puer,
842 1529 1009 1577 multis
1047 1546 1074 1578 e
1111 1528 1348 1577 matribus
1385 1545 1505 1576 ausa

256 1610 580 1674 persequitur,
620 1611 787 1675 magni
824 1628 917 1660 nec
955 1611 1153 1660 moenia
1190 1619 1326 1659 curat
1362 1612 1605 1658 Acestae.'

256 1692 338 1741 ille
374 1702 573 1742 autem:
626 1697 826 1742 ‘causas
863 1692 1168 1756 nequiquam
1205 1691 1361 1741 nectis
1399 1690 1559 1739 inanis
1825 1749 1828 1753 .

258 1790 352 1823 nec
389 1791 500 1823 mea
536 1773 635 1823 iam
673 1783 862 1823 mutata
898 1776 1010 1823 loco
1047 1772 1293 1822 sententia
1330 1772 1474 1822 cedit.
1856 1793 1934 1823 220

256 1858 615 1904 acceleremus’
652 1856 731 1915 ait,
772 1855 941 1919 vigiles
981 1855 1127 1904 simul
1165 1855 1354 1904 excitat.
1431 1854 1500 1902 illi

256 1939 532 1986 succedunt
569 1947 863 2000 servantque
898 1937 1060 1985 vices:
1110 1935 1321 1985 statione
1359 1936 1527 1985 relicta

256 2018 362 2081 ipse
398 2035 566 2067 comes
606 2018 731 2067 Niso
766 2018 984 2081 graditur
1019 2034 1285 2081 regemque
1322 2016 1589 2080 requirunt.

324 2102 502 2150 Cetera
536 2117 624 2163 per
659 2109 808 2149 terras
846 2100 1008 2149 omnis
1045 2099 1278 2148 animalia
1315 2116 1493 2148 somno

253 2183 483 2231 laxabant
521 2199 662 2231 curas
700 2191 749 2231 et
784 2184 936 2231 corda
973 2181 1128 2239 oblita
1165 2182 1426 2230 laborum:
1853 2202 1928 2242 225

254 2265 485 2312 ductores
522 2266 773 2312 Teucrum
809 2262 969 2326 primi,
1010 2264 1204 2312 delecta
1240 2262 1484 2322 iuventus,

253 2346 515 2395 consilium
553 2345 758 2395 summis
796 2345 932 2410 regni
970 2348 1033 2395 de
1071 2346 1218 2395 rebus
1256 2346 1523 2405 habebant,

253 2427 373 2490 quid
409 2429 626 2476 facerent
663 2427 834 2490 quisve
872 2430 1075 2476 Aeneae
1113 2427 1210 2476 iam
1248 2426 1451 2475 nuntius
1489 2435 1629 2476 esset.

253 2516 383 2556 stant
418 2507 578 2571 longis
614 2508 782 2557 adnixi
819 2508 972 2557 hastis
1011 2517 1059 2557 et
1097 2518 1237 2557 scuta
1271 2517 1497 2557 tenentes

251 2597 523 2637 castrorum
560 2597 608 2637 et
645 2588 809 2652 campi
847 2589 1028 2638 medio.
1106 2598 1211 2637 tum
1251 2588 1402 2637 Nisus
1439 2598 1487 2637 et
1524 2605 1623 2637 una
1847 2609 1926 2648 230

253 2671 492 2732 Euryalus
529 2669 792 2719 confestim
830 2671 1014 2718 alacres
1053 2669 1303 2718 admittier
1339 2678 1492 2728 orant,

250 2767 354 2799 rem
391 2768 620 2815 magnam
658 2751 972 2814 pretiumque
1010 2768 1178 2800 morae
1214 2753 1330 2800 fore.
1405 2750 1592 2813 primus
1631 2751 1768 2799 Iulus

305 2881 491 2919 202-206
525 2879 682 2928 MPR;
731 2893 923 2930 207-232
956 2878 1122 2917 FMPR
1400 2892 1478 2929 207
1509 2879 1562 2918 ad
1602 2876 1728 2929 haec]
1767 2878 1825 2917 ait
1862 2877 1923 2917 10²

250 2947 331 2983 209
352 2935 508 2984 aspicis
524 2934 581 2974 ΡΙ
694 2947 773 2983 214
803 2933 948 2984 solita]
971 2934 1119 2973 saltem
1139 2933 1286 2986 Hemy
1357 2939 1454 2984 post
1476 2933 1600 2972 solita
1625 2932 1926 2985 z‘nterpungunt

249 2989 323 3025 alii
458 2990 538 3027 226
567 2994 609 3027 et
631 2989 795 3027 delecta
814 2989 978 3026 editores
998 2993 1092 3026 ante
1109 2988 1306 3033 Pierium,
1323 2988 1472 3038 probat
1488 2986 1658 3025 Ribbeck
1841 2998 1922 3038 229

250 3047 389 3082 encut.
414 3048 496 3092 atq.
523 3049 645 3081 entes
663 3042 719 3080 P¹
738 3056 745 3080 ε
779 3043 822 3080 in
843 3047 961 3080 scuta
982 3047 1152 3081 tuentes
1173 3043 1343 3080 Ribbeck
1453 3041 1652 3080 timentes
1672 3057 1699 3079 π
