2020 3372
259 143 310 189 P.
353 143 652 191 VERGILI
692 143 1019 192 MARONIS

357 283 622 347 iungentur
657 283 755 332 iam
792 300 966 347 grypes
1004 283 1158 346 equis,
1197 300 1421 347 aevoque
1458 282 1685 347 sequenti

359 382 473 414 cum
511 365 718 414 canibus
756 364 918 414 timidi
954 364 1155 413 venient
1191 367 1256 414 ad
1293 367 1474 428 pocula
1510 366 1753 414 dammae.

422 446 586 509 incipe
625 446 904 494 Maenalios
942 463 1156 506 mecum,
1196 463 1309 494 mea
1345 445 1478 506 tibia,
1517 462 1700 495 versus.
1852 453 1936 495 28⁹0

356 529 552 590 Mopse,
592 544 746 576 novas
783 526 948 576 incide
985 529 1147 576 faces:
1186 526 1277 575 tibi
1314 526 1510 576 ducitur
1546 543 1680 576 uxor.

353 626 539 673 sparge,
562 609 749 668 marite,
772 625 925 657 nuces
946 628 954 657 :
989 608 1079 657 tibi
1104 608 1285 658 deserit
1313 611 1570 672 Hesperus
1596 609 1791 658 Oetam.
1883 629 1933 668 30

419 690 583 754 incipe
622 690 901 740 Maenalios
939 708 1151 750 mecum,
1193 708 1304 739 mea
1340 690 1473 750 tibia,
1509 707 1676 739 versus

351 790 381 822 o
418 772 570 835 digno
607 772 876 822 coniuncta
911 772 1029 832 viro,
1068 774 1190 821 dum
1228 771 1442 835 despicis
1480 771 1656 831 omnis,

350 856 573 917 dumque
607 853 698 902 tibi
734 863 808 902 est
842 853 961 903 odio
998 871 1110 902 mea
1146 855 1323 913 fistula,
1353 855 1575 916 dumque
1609 855 1827 916 capellae

349 934 697 999 hirsutumque
735 934 1052 998 supercilium
1090 934 1433 998 promissaque
1470 934 1637 994 barba,

347 1033 442 1066 nec
478 1034 648 1066 curare
685 1018 838 1066 deum
876 1016 1035 1066 credis
1072 1017 1298 1066 mortalia
1337 1033 1712 1080 quemquam—
1877 1037 1924 1077 35

414 1098 579 1162 incipe
618 1099 897 1148 Maenalios
935 1117 1148 1159 mecum,
1189 1117 1300 1148 mea
1337 1098 1470 1158 tibia,
1508 1115 1747 1147 versus—

346 1180 578 1243 saepibus
616 1179 667 1228 in
706 1180 884 1229 nostris
922 1198 1124 1244 parvam
1161 1190 1210 1229 te
1246 1179 1441 1230 roscida
1478 1181 1608 1228 mala

347 1262 468 1327 (dux
505 1279 597 1326 ego
634 1272 794 1311 vester
830 1262 985 1327 eram)
1023 1262 1124 1311 vidi
1162 1279 1276 1311 cum
1314 1272 1469 1312 matre
1506 1264 1766 1326 legentem.

343 1346 464 1392 alter
500 1344 564 1392 ab
601 1344 872 1392 undecimo
906 1353 1012 1392 tum
1050 1361 1130 1392 me
1167 1344 1265 1392 iam
1302 1353 1560 1408 acceperat
1596 1362 1770 1405 annus,

342 1426 441 1475 iam
478 1426 657 1490 fragilis
694 1436 918 1490 poteram
954 1445 983 1476 a
1020 1437 1146 1476 terra
1182 1427 1467 1491 contingere
1503 1445 1697 1478 ramos:
1869 1451 1924 1490 40

341 1518 396 1557 ut
431 1508 546 1569 vidi,
586 1518 639 1558 ut
675 1509 811 1572 perii,
851 1519 904 1558 ut
942 1527 1022 1558 me
1059 1511 1217 1558 malus
1253 1509 1456 1559 abstulit
1493 1514 1653 1559 error!

408 1590 572 1654 incipe
611 1591 890 1640 Maenalios
928 1608 1140 1652 mecum,
1180 1609 1292 1641 mea
1327 1591 1461 1652 tibia,
1498 1609 1679 1643 versus.

340 1689 474 1720 nunc
511 1671 614 1720 scio
652 1672 774 1735 quid
811 1672 872 1721 sit
904 1676 1091 1722 Amor:
1130 1673 1263 1723 duris
1301 1673 1351 1721 in
1388 1673 1584 1724 cotibus
1621 1674 1761 1723 illurn

340 1764 424 1803 aut
458 1757 668 1804 Tmaros
705 1765 790 1804 aut
825 1757 1078 1820 Rhodope
1114 1766 1199 1805 aut
1236 1756 1439 1806 extremi
1478 1759 1803 1807 Garamantes

339 1854 433 1886 nec
469 1837 660 1900 generis
702 1839 857 1888 nostri
894 1856 1103 1903 puerum
1141 1857 1234 1889 nec
1271 1839 1522 1904 sanguinis
1562 1842 1730 1890 edunt.
1864 1861 1917 1903 45

405 1920 569 1984 incipe
608 1923 886 1972 Maenalios
925 1940 1137 1983 mecum,
1179 1941 1290 1972 mea
1326 1923 1460 1984 tibia,
1496 1941 1677 1993 versus.
1893 1928 1897 1929 ⁷

338 2020 512 2052 saevus
549 2007 708 2053 Amor
743 2005 916 2054 docuit
952 2015 1182 2054 natorum
1221 2006 1461 2069 sanguine
1499 2016 1705 2055 matrem

335 2088 699 2135 commaculare
736 2104 912 2135 manus
932 2106 945 2147 3
987 2087 1198 2136 crudelis
1236 2097 1289 2136 tu
1327 2105 1542 2151 quoque,
1583 2097 1766 2137 mater:

336 2166 547 2215 crudelis
585 2176 742 2216 mater
778 2167 947 2231 magis,
986 2185 1051 2216 an
1088 2186 1211 2231 puer
1248 2168 1504 2232 improbus
1540 2169 1659 2218 ille?
1715 2213 1719 2217 .

334 2246 591 2310 improbus
628 2247 710 2296 ille
746 2265 898 2312 puer3
942 2249 1154 2298 crudelis
1193 2258 1245 2297 tu
1285 2267 1499 2313 quoque,
1540 2259 1707 2300 mater.
1859 2273 1913 2314 50

400 2328 564 2392 incipe
603 2330 881 2379 Maenalios
919 2348 1132 2390 mecum,
1173 2348 1285 2379 mea
1322 2331 1453 2391 tibia,
1494 2348 1675 2381 versus.

332 2428 466 2459 nunc
503 2420 551 2459 et
588 2411 693 2460 ovis
730 2414 858 2462 ultro
896 2413 1049 2476 fugiat
1086 2415 1246 2477 lupus,
1285 2430 1434 2462 aurea
1470 2414 1622 2463 durae

331 2494 460 2540 mala
495 2494 652 2541 ferant
689 2511 913 2557 quercus,
953 2495 1172 2544 narcisso
1209 2497 1381 2544 floreat
1416 2496 1572 2555 alnus,

329 2574 531 2638 pinguia
567 2576 832 2626 corticibus
871 2579 1052 2627 sudent
1089 2580 1269 2627 electra
1305 2577 1531 2641 myricae,

280 2718 413 2755 27-44
435 2704 586 2754 MPV;
618 2718 753 2757 45-54
775 2706 867 2745 MP
1029 2710 1082 2747 28
1114 2709 1248 2747 timidi
1270 2708 1447 2757 P2V7a²
1469 2712 1674 2747 testantur
1692 2707 1906 2748 Charisius

224 2758 466 2799 Priscianus
487 2760 773 2811 Quintilianus
794 2762 910 2801 Serv.
931 2762 991 2801 ad
1004 2763 1118 2802 hunc
1131 2763 1279 2813 locum,
1306 2763 1425 2802 schol.
1449 2761 1572 2802 Bern.
1594 2777 1605 2804 .·
1631 2763 1779 2803 timide
1794 2762 1904 2811 P¹⁷rrz

224 2815 395 2854 timidae
426 2814 480 2853 M
671 2818 744 2855 28a
774 2817 891 2855 habet
910 2832 949 2869 γ,
985 2831 1066 2857 om.
1101 2819 1214 2856 ceteri
1238 2817 1375 2857 codd.:
1420 2831 1585 2857 versum
1615 2831 1735 2868 quem
1764 2818 1906 2857 dicunt

223 2870 503 2909 intercalarem
525 2876 600 2910 aut
618 2871 681 2910 hic
699 2872 961 2911 inserendum
982 2877 1058 2911 aut
1068 2878 1166 2924 post
1185 2885 1235 2922 75
1257 2871 1472 2911 delendum
1491 2872 1592 2912 vidit
1613 2872 1660 2912 G.
1676 2872 1902 2912 Hermann

222 2936 275 2972 34
307 2925 578 2975 demissaque
609 2925 651 2963 P
789 2939 841 2976 43
872 2927 1011 2978 duris]
1035 2928 1160 2966 nudis
1181 2927 1324 2965 P¹a¹b¹
1463 2941 1517 2977 49
1547 2926 1731 2966 crudelis
1751 2931 1898 2978 mater,

224 2979 358 3028 magis
389 2985 430 3018 at
453 2993 559 3030 puer
586 2981 807 3031 improbus
828 2982 909 3021 ille.
936 2983 1087 3021 omisso
1113 2996 1225 3022 versu
1245 2994 1298 3032 5ο
1318 2982 1501 3021 Ribbeck.
1525 2981 1601 3021 aliz·
1615 2981 1699 3021 alia
