2014 3372
1263 162 1685 212 GEORGICON
1724 163 1800 209 IV

131 299 398 364 Cecropias
434 300 631 350 innatus
666 317 785 364 apes
820 317 960 350 amor
994 310 1133 365 urget
1168 301 1388 350 habendi

132 398 335 430 munere
370 398 622 445 quamque
657 398 761 431 suo.
834 382 1123 445 grandaevis
1161 382 1346 445 oppida
1382 398 1527 430 curae

130 473 180 511 et
216 462 407 512 munire
441 465 578 512 favos
614 472 663 512 et
698 465 907 513 daedala
942 465 1126 526 fingere
1162 473 1303 512 tecta.

129 553 180 592 at
214 546 371 593 fessae
406 547 562 594 multa
596 547 811 594 referunt
848 562 901 594 se
937 554 1085 594 nocte
1121 545 1350 605 minores,
1721 556 1798 595 180

130 643 269 674 crura
304 628 476 689 thymo
510 628 687 689 plenae
703 645 717 688 ;
765 636 1034 690 pascuntur
1068 635 1118 675 et
1152 627 1327 676 arbuta
1361 627 1544 690 passim

130 717 179 756 et
213 710 410 770 glaucas
446 708 619 757 salices
657 708 940 772 casiamque
975 725 1278 771 crocumque
1313 709 1575 758 rubentem

129 798 178 838 et
213 789 447 852 pinguem
484 789 638 838 tiliam
674 798 723 838 et
758 790 1060 854 ferrugineos
1096 790 1402 853 hyacinthos.

129 869 361 936 omnibus
396 887 496 919 una
531 870 671 933 quies
708 887 927 933 operum,
967 871 1107 920 labor
1141 871 1374 920 omnibus
1409 888 1568 919 unus:

130 968 275 1000 mane
310 961 457 1000 ruunt
491 952 645 1015 portis
662 971 676 1013 3
714 969 960 1015 nusquam
997 969 1134 1002 mora
1151 971 1165 1013 ,·
1202 969 1364 1001 rursus
1401 955 1604 1002 easdem
1721 965 1792 1013 185

128 1049 300 1096 vesper
334 1033 421 1081 ubi
457 1050 484 1082 e
519 1043 663 1097 pastu
699 1035 903 1083 tandem
940 1035 1182 1083 decedere
1219 1033 1405 1097 campis

126 1112 401 1173 admonuit,
440 1123 546 1162 tum
583 1123 713 1163 tecta
747 1123 938 1177 petunt,
976 1124 1081 1163 tum
1118 1131 1325 1177 corpora
1360 1124 1565 1175 curant,

128 1195 183 1241 fit
218 1194 421 1254 sonitus,
461 1205 783 1258 mussantque
819 1213 928 1245 oras
965 1204 1013 1244 et
1049 1195 1219 1244 limina
1255 1195 1453 1244 circum.

128 1283 253 1337 post,
292 1274 379 1322 ubi
414 1274 513 1323 iam
549 1275 776 1324 thalamis
813 1292 865 1324 se
901 1292 1238 1339 composuere,
1278 1275 1446 1324 siletur

127 1354 179 1401 in
215 1363 429 1414 noctem,
469 1357 727 1418 fessosque
765 1373 913 1418 sopor
949 1373 1066 1404 suus
1109 1364 1321 1418 occupat
1356 1365 1502 1404 artus.
1718 1376 1795 1418 190

129 1450 221 1482 nec
256 1451 372 1484 vero
406 1452 436 1484 a
471 1436 675 1484 stabulis
712 1437 878 1500 pluvia
913 1436 1233 1500 impendente
1268 1439 1507 1486 recedunt

128 1517 335 1581 longius,
371 1527 458 1567 aut
494 1521 702 1568 credunt
738 1522 877 1569 caelo
913 1519 1296 1568 adventantibus
1334 1518 1491 1577 Euris,

128 1600 216 1646 sed
247 1598 436 1647 ‘circum
473 1609 607 1649 tutae
643 1601 736 1649 sub
773 1601 1035 1650 moenibus
1071 1601 1205 1650 urbis
1240 1609 1485 1663 aquantur

127 1696 458 1743 excursusque
493 1680 653 1729 brevis
690 1690 947 1744 temptant,
985 1691 1035 1730 et
1070 1698 1217 1744 saepe
1253 1680 1459 1743 lapillos,

127 1772 181 1811 ut
216 1765 427 1813 cumbae
463 1764 716 1814 instabiles
752 1768 906 1814 fluctu
943 1765 1156 1812 iactante
1192 1763 1456 1821 saburram,
1717 1782 1791 1822 195

127 1849 320 1907 tollunt,
359 1848 434 1896 his
472 1865 579 1897 sese
614 1865 702 1911 per
735 1848 902 1897 inania
937 1847 1108 1896 nubila
1142 1847 1333 1896 librant.

126 1927 264 1976 illum
300 1930 427 1977 adeo
462 1929 706 1992 placuisse
743 1929 919 1992 apibus
956 1928 1196 1977 mirabere
1231 1943 1435 1986 morem,

127 2010 264 2071 quod
300 2026 462 2071 neque
499 2009 768 2058 concubitu
805 2010 1076 2072 indulgent,
1115 2025 1208 2057 nec
1245 2024 1450 2069 corpora
1486 2023 1659 2070 segnes

127 2087 178 2135 in
213 2091 460 2137 Venerem
498 2092 694 2137 solvunt
730 2099 815 2137 aut
850 2092 977 2138 fetus
1014 2089 1208 2138 nixibus
1244 2090 1433 2147 edunt3

128 2186 295 2218 verum
332 2169 467 2232 ipsae
504 2188 532 2219 e
567 2170 696 2219 foliis
733 2180 887 2231 natos,
929 2188 956 2220 e
992 2170 1224 2219 suavibus
1260 2168 1424 2218 herbis
1715 2188 1794 2215 200

128 2266 211 2299 ore
247 2253 427 2314 legunt,
467 2251 603 2314 ipsae
639 2269 804 2315 regem
840 2268 1115 2314 parvosque
1152 2249 1369 2312 Quirites

128 2331 386 2391 sufficiunt,
428 2334 662 2395 aulasque
701 2342 749 2381 et
785 2350 927 2381 cerea
962 2349 1111 2395 regna
1144 2333 1366 2394 refigunt.

128 2429 275 2475 saepe
311 2412 458 2461 etiam
495 2413 629 2462 duris
667 2415 876 2462 errando
913 2413 963 2461 in
1000 2412 1196 2461 cotibus
1229 2414 1330 2460 alas

126 2493 364 2552 attrivere,
403 2495 630 2557 ultroque
667 2494 885 2542 animam
922 2495 1014 2542 sub
1051 2496 1182 2547 fasce
1218 2493 1429 2541 dedere:

127 2583 292 2623 tantus
326 2592 466 2624 amor
501 2577 678 2624 florum
715 2585 763 2624 et
799 2574 1067 2639 generandi
1102 2573 1254 2637 gloria
1290 2573 1461 2622 mellis.
1715 2592 1788 2629 205

127 2669 243 2716 ergo
277 2653 408 2717 ipsas
445 2655 668 2718 quamvis
705 2655 899 2719 angusti
941 2653 1176 2703 terminus
1213 2653 1320 2702 aevi

186 2785 373 2833 177-180
393 2782 506 2832 ΜΡ;
542 2785 727 2823 181-206
748 2783 877 2822 MPR
1100 2783 1174 2831 185
1195 2793 1423 2831 numquam
1442 2779 1485 2816 P
1594 2790 1669 2828 195
1692 2781 1789 2817 flatu

297 2843 393 2889 post
417 2840 494 2886 196
514 2850 703 2887 203-205
726 2839 894 2877 inseruit
911 2837 1077 2886 Bentley
1208 2849 1290 2874 200
1319 2836 1437 2884 ipsae
1458 2833 1569 2872 foliis
1588 2833 1648 2871 Pc
1747 2841 1791 2871 et

128 2891 327 2930 suavibus
359 2892 453 2943 ybc:
495 2894 572 2931 sed
603 2893 802 2931 suavibus
830 2893 873 2930 R
1036 2904 1115 2930 202
1146 2891 1363 2939 refingunt
1381 2889 1474 2927 Rb:
1507 2889 1724 2936 relingunt
1752 2885 1795 2923 P

129 2957 316 2995 203—205
347 2960 373 2985 a
415 2947 496 2985 loco
534 2960 610 2985 suo
650 2960 803 2985 errasse
841 2946 1106 2997 suspicantur
1146 2945 1311 2995 Bentley
1355 2942 1562 2983 Schrader
1609 2942 1793 2993 Wagner

128 2999 320 3038 Ribbeck:
352 3000 551 3039 traditum
572 3000 756 3039 ordinem
776 3000 949 3050 defendit
968 3000 1151 3051 Schaper
