<?xml version="1.0" encoding="UTF-8"?>
<!DOCTYPE html PUBLIC "-//W3C//DTD XHTML 1.0 Transitional//EN"
    "http://www.w3.org/TR/xhtml1/DTD/xhtml1-transitional.dtd">
<html xmlns="http://www.w3.org/1999/xhtml" xml:lang="en" lang="en">
 <head>
  <title>
</title>
<meta http-equiv="Content-Type" content="text/html;charset=utf-8" />
  <meta name='ocr-system' content='tesseract 3.04.00' />
  <meta name='ocr-capabilities' content='ocr_page ocr_carea ocr_par ocr_line ocrx_word'/>
</head>
<body>
  <div class='ocr_page' id='page_1' title='image "./operarecognovitb00virguoft_0020.png"; bbox 0 0 2020 3372; ppageno 0'>
   <div class='ocr_carea' id='block_1_1' title="bbox 203 153 963 201">
    <p class='ocr_par' dir='ltr' id='par_1_1' title="bbox 203 153 963 201">
     <span class='ocr_line' id='line_1_1' title="bbox 203 153 963 201; baseline 0.003 -2"><span class='ocrx_word' id='word_1_1' title='bbox 203 154 255 200; x_wconf 90' lang='lat' dir='ltr'>P.</span> <span class='ocrx_word' id='word_1_2' title='bbox 299 153 597 201; x_wconf 88' lang='lat' dir='ltr'>VERGILI</span> <span class='ocrx_word' id='word_1_3' title='bbox 638 153 963 201; x_wconf 87' lang='lat' dir='ltr'>MARONIS</span> 
     </span>
    </p>
   </div>
   <div class='ocr_carea' id='block_1_2' title="bbox 888 388 1264 438">
    <p class='ocr_par' dir='ltr' id='par_1_2' title="bbox 888 388 1264 438">
     <span class='ocr_line' id='line_1_2' title="bbox 888 388 1264 438; baseline 0.003 -2"><span class='ocrx_word' id='word_1_4' title='bbox 888 388 1171 438; x_wconf 90' lang='lat' dir='ltr'>ECLOGA</span> <span class='ocrx_word' id='word_1_5' title='bbox 1210 390 1264 437; x_wconf 95' lang='lat' dir='ltr'>II</span> 
     </span>
    </p>
   </div>
   <div class='ocr_carea' id='block_1_3' title="bbox 304 519 1883 2788">
    <p class='ocr_par' dir='ltr' id='par_1_3' title="bbox 304 519 1883 2788">
     <span class='ocr_line' id='line_1_3' title="bbox 375 519 1654 582; baseline 0.002 -15"><span class='ocrx_word' id='word_1_6' title='bbox 375 521 677 567; x_wconf 84' lang='lat' dir='ltr'><strong>FORMOSVM</strong></span> <span class='ocrx_word' id='word_1_7' title='bbox 716 527 882 582; x_wconf 91' lang='lat' dir='ltr'>pastor</span> <span class='ocrx_word' id='word_1_8' title='bbox 920 519 1158 581; x_wconf 90' lang='lat' dir='ltr'>Corydon</span> <span class='ocrx_word' id='word_1_9' title='bbox 1196 520 1402 568; x_wconf 82' lang='lat' dir='ltr'>ardebat</span> <span class='ocrx_word' id='word_1_10' title='bbox 1441 519 1654 582; x_wconf 84' lang='lat' dir='ltr'>Alexim,</span> 
     </span>
     <span class='ocr_line' id='line_1_4' title="bbox 306 599 1581 662; baseline 0.002 -14"><span class='ocrx_word' id='word_1_11' title='bbox 306 599 508 648; x_wconf 90' lang='lat' dir='ltr'>delicias</span> <span class='ocrx_word' id='word_1_12' title='bbox 546 599 738 649; x_wconf 90' lang='lat' dir='ltr'>domini</span> <span class='ocrx_word' id='word_1_13' title='bbox 756 618 769 660; x_wconf 82' lang='lat'><em>3</em></span> <span class='ocrx_word' id='word_1_14' title='bbox 810 616 902 648; x_wconf 80' lang='lat' dir='ltr'>nec</span> <span class='ocrx_word' id='word_1_15' title='bbox 940 599 1062 662; x_wconf 86' lang='lat' dir='ltr'>quid</span> <span class='ocrx_word' id='word_1_16' title='bbox 1099 610 1315 662; x_wconf 83' lang='lat' dir='ltr'><strong>speraret</strong></span> <span class='ocrx_word' id='word_1_17' title='bbox 1352 602 1581 651; x_wconf 89' lang='lat' dir='ltr'>habebat.</span> 
     </span>
     <span class='ocr_line' id='line_1_5' title="bbox 305 681 1656 747; baseline 0.002 -18"><span class='ocrx_word' id='word_1_18' title='bbox 305 690 498 730; x_wconf 90' lang='lat' dir='ltr'>tantum</span> <span class='ocrx_word' id='word_1_19' title='bbox 534 681 661 730; x_wconf 88' lang='lat' dir='ltr'>inter</span> <span class='ocrx_word' id='word_1_20' title='bbox 697 683 892 741; x_wconf 90' lang='lat' dir='ltr'>densas,</span> <span class='ocrx_word' id='word_1_21' title='bbox 933 682 1168 730; x_wconf 90' lang='lat' dir='ltr'>umbrosa</span> <span class='ocrx_word' id='word_1_22' title='bbox 1206 682 1478 742; x_wconf 86' lang='lat' dir='ltr'>cacumina,</span> <span class='ocrx_word' id='word_1_23' title='bbox 1518 686 1656 747; x_wconf 88' lang='lat' dir='ltr'>fagos</span> 
     </span>
     <span class='ocr_line' id='line_1_6' title="bbox 304 763 1563 814; baseline 0.002 -2"><span class='ocrx_word' id='word_1_24' title='bbox 304 763 514 813; x_wconf 81' lang='lat' dir='ltr'>adsidue</span> <span class='ocrx_word' id='word_1_25' title='bbox 550 763 793 813; x_wconf 91' lang='lat' dir='ltr'>veniebat.</span> <span class='ocrx_word' id='word_1_26' title='bbox 868 763 938 812; x_wconf 92' lang='lat' dir='ltr'>ibi</span> <span class='ocrx_word' id='word_1_27' title='bbox 975 765 1099 812; x_wconf 91' lang='lat' dir='ltr'>haec</span> <span class='ocrx_word' id='word_1_28' title='bbox 1136 764 1394 814; x_wconf 88' lang='lat' dir='ltr'>incondita</span> <span class='ocrx_word' id='word_1_29' title='bbox 1429 767 1563 814; x_wconf 88' lang='lat' dir='ltr'>solus</span> 
     </span>
     <span class='ocr_line' id='line_1_7' title="bbox 306 845 1878 910; baseline 0.002 -17"><span class='ocrx_word' id='word_1_30' title='bbox 306 845 559 896; x_wconf 91' lang='lat' dir='ltr'>montibus</span> <span class='ocrx_word' id='word_1_31' title='bbox 597 856 646 894; x_wconf 93' lang='lat' dir='ltr'>et</span> <span class='ocrx_word' id='word_1_32' title='bbox 682 845 814 894; x_wconf 90' lang='lat' dir='ltr'>silvis</span> <span class='ocrx_word' id='word_1_33' title='bbox 852 846 1018 895; x_wconf 90' lang='lat' dir='ltr'>studio</span> <span class='ocrx_word' id='word_1_34' title='bbox 1057 846 1271 895; x_wconf 88' lang='lat' dir='ltr'>iactabat</span> <span class='ocrx_word' id='word_1_35' title='bbox 1308 846 1472 896; x_wconf 91' lang='lat' dir='ltr'>inani:</span> <span class='ocrx_word' id='word_1_36' title='bbox 1852 868 1878 910; x_wconf 89' lang='lat'>5</span> 
     </span>
     <span class='ocr_line' id='line_1_8' title="bbox 377 926 1677 988; baseline 0.003 -13"><span class='ocrx_word' id='word_1_37' title='bbox 377 928 451 976; x_wconf 89' lang='lat' dir='ltr'>‘O</span> <span class='ocrx_word' id='word_1_38' title='bbox 489 927 700 976; x_wconf 91' lang='lat' dir='ltr'>crudelis</span> <span class='ocrx_word' id='word_1_39' title='bbox 738 927 894 988; x_wconf 81' lang='lat' dir='ltr'><strong>Alexi,</strong></span> <span class='ocrx_word' id='word_1_40' title='bbox 937 926 1060 975; x_wconf 90' lang='lat' dir='ltr'>nihil</span> <span class='ocrx_word' id='word_1_41' title='bbox 1098 945 1209 976; x_wconf 89' lang='lat' dir='ltr'>mea</span> <span class='ocrx_word' id='word_1_42' title='bbox 1246 928 1464 977; x_wconf 89' lang='lat' dir='ltr'>carmina</span> <span class='ocrx_word' id='word_1_43' title='bbox 1499 932 1677 979; x_wconf 86' lang='lat' dir='ltr'>curas?</span> 
     </span>
     <span class='ocr_line' id='line_1_9' title="bbox 305 1010 1628 1076; baseline 0.002 -18"><span class='ocrx_word' id='word_1_44' title='bbox 305 1010 373 1058; x_wconf 91' lang='lat' dir='ltr'>nil</span> <span class='ocrx_word' id='word_1_45' title='bbox 410 1010 564 1059; x_wconf 83' lang='lat' dir='ltr'>nostri</span> <span class='ocrx_word' id='word_1_46' title='bbox 602 1010 868 1059; x_wconf 82' lang='lat' dir='ltr'>miserere?</span> <span class='ocrx_word' id='word_1_47' title='bbox 918 1011 1043 1060; x_wconf 89' lang='lat' dir='ltr'>mori</span> <span class='ocrx_word' id='word_1_48' title='bbox 1082 1028 1162 1060; x_wconf 93' lang='lat' dir='ltr'>me</span> <span class='ocrx_word' id='word_1_49' title='bbox 1202 1012 1419 1075; x_wconf 90' lang='lat' dir='ltr'>denique</span> <span class='ocrx_word' id='word_1_50' title='bbox 1456 1012 1628 1076; x_wconf 82' lang='lat' dir='ltr'>cogis?</span> 
     </span>
     <span class='ocr_line' id='line_1_10' title="bbox 306 1093 1693 1159; baseline 0.003 -18"><span class='ocrx_word' id='word_1_51' title='bbox 306 1110 441 1141; x_wconf 92' lang='lat' dir='ltr'>nunc</span> <span class='ocrx_word' id='word_1_52' title='bbox 478 1093 627 1143; x_wconf 87' lang='lat' dir='ltr'>etiarn</span> <span class='ocrx_word' id='word_1_53' title='bbox 665 1095 883 1157; x_wconf 90' lang='lat' dir='ltr'>pecudes</span> <span class='ocrx_word' id='word_1_54' title='bbox 921 1095 1121 1143; x_wconf 91' lang='lat' dir='ltr'>umbras</span> <span class='ocrx_word' id='word_1_55' title='bbox 1160 1104 1209 1143; x_wconf 93' lang='lat' dir='ltr'>et</span> <span class='ocrx_word' id='word_1_56' title='bbox 1246 1094 1424 1157; x_wconf 85' lang='lat' dir='ltr'>frigora</span> <span class='ocrx_word' id='word_1_57' title='bbox 1461 1105 1693 1159; x_wconf 81' lang='lat' dir='ltr'>captant3</span> 
     </span>
     <span class='ocr_line' id='line_1_11' title="bbox 306 1176 1616 1241; baseline 0.003 -17"><span class='ocrx_word' id='word_1_58' title='bbox 306 1194 439 1225; x_wconf 91' lang='lat' dir='ltr'>nunc</span> <span class='ocrx_word' id='word_1_59' title='bbox 477 1176 643 1225; x_wconf 90' lang='lat' dir='ltr'>viridis</span> <span class='ocrx_word' id='word_1_60' title='bbox 682 1177 830 1225; x_wconf 89' lang='lat' dir='ltr'>etiam</span> <span class='ocrx_word' id='word_1_61' title='bbox 871 1179 1125 1226; x_wconf 83' lang='lat' dir='ltr'>occultant</span> <span class='ocrx_word' id='word_1_62' title='bbox 1163 1177 1357 1241; x_wconf 89' lang='lat' dir='ltr'>spineta</span> <span class='ocrx_word' id='word_1_63' title='bbox 1394 1180 1616 1239; x_wconf 90' lang='lat' dir='ltr'>lacertos,</span> 
     </span>
     <span class='ocr_line' id='line_1_12' title="bbox 305 1260 1883 1323; baseline 0.004 -15"><span class='ocrx_word' id='word_1_64' title='bbox 305 1260 551 1323; x_wconf 86' lang='lat' dir='ltr'><strong>Thestylis</strong></span> <span class='ocrx_word' id='word_1_65' title='bbox 595 1270 643 1308; x_wconf 95' lang='lat' dir='ltr'>et</span> <span class='ocrx_word' id='word_1_66' title='bbox 679 1260 853 1323; x_wconf 91' lang='lat' dir='ltr'>rapido</span> <span class='ocrx_word' id='word_1_67' title='bbox 890 1260 1030 1309; x_wconf 88' lang='lat' dir='ltr'>fessis</span> <span class='ocrx_word' id='word_1_68' title='bbox 1068 1261 1369 1310; x_wconf 84' lang='lat' dir='ltr'>messoribus</span> <span class='ocrx_word' id='word_1_69' title='bbox 1405 1272 1545 1311; x_wconf 93' lang='lat' dir='ltr'>aestu</span> <span class='ocrx_word' id='word_1_70' title='bbox 1829 1283 1883 1315; x_wconf 90' lang='lat'>10</span> 
     </span>
     <span class='ocr_line' id='line_1_13' title="bbox 305 1342 1547 1406; baseline 0.002 -15"><span class='ocrx_word' id='word_1_71' title='bbox 305 1342 400 1391; x_wconf 93' lang='lat' dir='ltr'>alia</span> <span class='ocrx_word' id='word_1_72' title='bbox 436 1344 802 1406; x_wconf 81' lang='lat' dir='ltr'>serpyllumque</span> <span class='ocrx_word' id='word_1_73' title='bbox 839 1343 1017 1390; x_wconf 83' lang='lat' dir='ltr'>herbas</span> <span class='ocrx_word' id='word_1_74' title='bbox 1056 1343 1320 1392; x_wconf 90' lang='lat' dir='ltr'>contundit</span> <span class='ocrx_word' id='word_1_75' title='bbox 1357 1344 1547 1393; x_wconf 91' lang='lat' dir='ltr'>olentis.</span> 
     </span>
     <span class='ocr_line' id='line_1_14' title="bbox 304 1423 1535 1488; baseline 0.002 -16"><span class='ocrx_word' id='word_1_76' title='bbox 304 1434 354 1473; x_wconf 90' lang='lat' dir='ltr'>at</span> <span class='ocrx_word' id='word_1_77' title='bbox 391 1442 589 1473; x_wconf 91' lang='lat' dir='ltr'>mecum</span> <span class='ocrx_word' id='word_1_78' title='bbox 627 1423 800 1484; x_wconf 83' lang='lat' dir='ltr'>rauciS,</span> <span class='ocrx_word' id='word_1_79' title='bbox 842 1434 926 1473; x_wconf 91' lang='lat' dir='ltr'>tua</span> <span class='ocrx_word' id='word_1_80' title='bbox 964 1426 1086 1473; x_wconf 90' lang='lat' dir='ltr'>dum</span> <span class='ocrx_word' id='word_1_81' title='bbox 1123 1425 1327 1488; x_wconf 88' lang='lat' dir='ltr'>vestigia</span> <span class='ocrx_word' id='word_1_82' title='bbox 1369 1428 1535 1487; x_wconf 89' lang='lat' dir='ltr'>lustro,</span> 
     </span>
     <span class='ocr_line' id='line_1_15' title="bbox 305 1507 1510 1557; baseline 0.001 -1"><span class='ocrx_word' id='word_1_83' title='bbox 305 1510 409 1557; x_wconf 93' lang='lat' dir='ltr'>sole</span> <span class='ocrx_word' id='word_1_84' title='bbox 447 1508 540 1556; x_wconf 92' lang='lat' dir='ltr'>sub</span> <span class='ocrx_word' id='word_1_85' title='bbox 576 1507 769 1556; x_wconf 83' lang='lat' dir='ltr'>ardenti</span> <span class='ocrx_word' id='word_1_86' title='bbox 806 1517 1040 1556; x_wconf 92' lang='lat' dir='ltr'>resonant</span> <span class='ocrx_word' id='word_1_87' title='bbox 1076 1508 1277 1557; x_wconf 91' lang='lat' dir='ltr'>arbusta</span> <span class='ocrx_word' id='word_1_88' title='bbox 1313 1508 1510 1557; x_wconf 88' lang='lat' dir='ltr'>cicadis.</span> 
     </span>
     <span class='ocr_line' id='line_1_16' title="bbox 305 1589 1462 1652; baseline 0.001 -14"><span class='ocrx_word' id='word_1_89' title='bbox 305 1607 475 1638; x_wconf 91' lang='lat' dir='ltr'>nonne</span> <span class='ocrx_word' id='word_1_90' title='bbox 511 1589 602 1638; x_wconf 89' lang='lat' dir='ltr'>fuit</span> <span class='ocrx_word' id='word_1_91' title='bbox 640 1589 790 1638; x_wconf 89' lang='lat' dir='ltr'>satius</span> <span class='ocrx_word' id='word_1_92' title='bbox 828 1589 977 1638; x_wconf 91' lang='lat' dir='ltr'>tristis</span> <span class='ocrx_word' id='word_1_93' title='bbox 1015 1589 1331 1652; x_wconf 90' lang='lat' dir='ltr'>Amaryllidis</span> <span class='ocrx_word' id='word_1_94' title='bbox 1368 1590 1462 1639; x_wconf 91' lang='lat' dir='ltr'>iras</span> 
     </span>
     <span class='ocr_line' id='line_1_17' title="bbox 305 1670 1879 1734; baseline 0.001 -14"><span class='ocrx_word' id='word_1_95' title='bbox 305 1681 454 1734; x_wconf 86' lang='lat' dir='ltr'>atque</span> <span class='ocrx_word' id='word_1_96' title='bbox 492 1671 703 1734; x_wconf 87' lang='lat' dir='ltr'>superba</span> <span class='ocrx_word' id='word_1_97' title='bbox 739 1670 842 1733; x_wconf 90' lang='lat' dir='ltr'>pati</span> <span class='ocrx_word' id='word_1_98' title='bbox 879 1670 1112 1719; x_wconf 90' lang='lat' dir='ltr'>fastidia?</span> <span class='ocrx_word' id='word_1_99' title='bbox 1160 1688 1330 1720; x_wconf 92' lang='lat' dir='ltr'>nonne</span> <span class='ocrx_word' id='word_1_100' title='bbox 1369 1674 1650 1734; x_wconf 87' lang='lat' dir='ltr'>Menalcan,</span> <span class='ocrx_word' id='word_1_101' title='bbox 1830 1692 1879 1734; x_wconf 89' lang='lat'>15</span> 
     </span>
     <span class='ocr_line' id='line_1_18' title="bbox 306 1751 1678 1816; baseline 0.002 -16"><span class='ocrx_word' id='word_1_102' title='bbox 306 1752 530 1816; x_wconf 90' lang='lat' dir='ltr'>quamvis</span> <span class='ocrx_word' id='word_1_103' title='bbox 567 1751 648 1800; x_wconf 92' lang='lat' dir='ltr'>ille</span> <span class='ocrx_word' id='word_1_104' title='bbox 685 1751 833 1815; x_wconf 85' lang='lat' dir='ltr'>niger,</span> <span class='ocrx_word' id='word_1_105' title='bbox 875 1752 1100 1815; x_wconf 88' lang='lat' dir='ltr'>quamvis</span> <span class='ocrx_word' id='word_1_106' title='bbox 1138 1762 1190 1800; x_wconf 94' lang='lat' dir='ltr'>tu</span> <span class='ocrx_word' id='word_1_107' title='bbox 1228 1752 1471 1802; x_wconf 91' lang='lat' dir='ltr'>candidus</span> <span class='ocrx_word' id='word_1_108' title='bbox 1509 1757 1678 1803; x_wconf 89' lang='lat' dir='ltr'>esses?</span> 
     </span>
     <span class='ocr_line' id='line_1_19' title="bbox 307 1833 1524 1896; baseline 0 -13"><span class='ocrx_word' id='word_1_109' title='bbox 307 1852 338 1883; x_wconf 96' lang='lat' dir='ltr'>o</span> <span class='ocrx_word' id='word_1_110' title='bbox 375 1836 590 1882; x_wconf 90' lang='lat' dir='ltr'>formose</span> <span class='ocrx_word' id='word_1_111' title='bbox 631 1850 766 1896; x_wconf 92' lang='lat' dir='ltr'>puer,</span> <span class='ocrx_word' id='word_1_112' title='bbox 808 1833 1018 1882; x_wconf 91' lang='lat' dir='ltr'>nimium</span> <span class='ocrx_word' id='word_1_113' title='bbox 1056 1851 1120 1882; x_wconf 94' lang='lat' dir='ltr'>ne</span> <span class='ocrx_word' id='word_1_114' title='bbox 1156 1836 1304 1883; x_wconf 91' lang='lat' dir='ltr'>crede</span> <span class='ocrx_word' id='word_1_115' title='bbox 1341 1834 1524 1883; x_wconf 77' lang='lat' dir='ltr'>colori!</span> 
     </span>
     <span class='ocr_line' id='line_1_20' title="bbox 304 1918 1604 1983; baseline 0.001 -16"><span class='ocrx_word' id='word_1_116' title='bbox 304 1919 419 1967; x_wconf 89' lang='lat' dir='ltr'>alba</span> <span class='ocrx_word' id='word_1_117' title='bbox 454 1918 655 1982; x_wconf 90' lang='lat' dir='ltr'>ligustra</span> <span class='ocrx_word' id='word_1_118' title='bbox 692 1920 891 1978; x_wconf 88' lang='lat' dir='ltr'>cadunt,</span> <span class='ocrx_word' id='word_1_119' title='bbox 930 1919 1154 1967; x_wconf 89' lang='lat' dir='ltr'>vaccinia</span> <span class='ocrx_word' id='word_1_120' title='bbox 1190 1919 1328 1983; x_wconf 90' lang='lat' dir='ltr'>nigra</span> <span class='ocrx_word' id='word_1_121' title='bbox 1364 1922 1604 1983; x_wconf 85' lang='lat' dir='ltr'>leguntur.</span> 
     </span>
     <span class='ocr_line' id='line_1_21' title="bbox 306 1999 1688 2064; baseline -0.001 -15"><span class='ocrx_word' id='word_1_122' title='bbox 306 2002 569 2063; x_wconf 90' lang='lat' dir='ltr'>despectus</span> <span class='ocrx_word' id='word_1_123' title='bbox 607 1999 696 2048; x_wconf 90' lang='lat' dir='ltr'>tibi</span> <span class='ocrx_word' id='word_1_124' title='bbox 735 2017 857 2059; x_wconf 87' lang='lat' dir='ltr'>sum,</span> <span class='ocrx_word' id='word_1_125' title='bbox 900 2017 995 2048; x_wconf 92' lang='lat' dir='ltr'>nec</span> <span class='ocrx_word' id='word_1_126' title='bbox 1032 2000 1117 2064; x_wconf 93' lang='lat' dir='ltr'>qui</span> <span class='ocrx_word' id='word_1_127' title='bbox 1154 2000 1247 2049; x_wconf 90' lang='lat' dir='ltr'>sim</span> <span class='ocrx_word' id='word_1_128' title='bbox 1285 2001 1492 2064; x_wconf 89' lang='lat' dir='ltr'>quaeris,</span> <span class='ocrx_word' id='word_1_129' title='bbox 1531 2000 1688 2060; x_wconf 85' lang='lat' dir='ltr'>Alexi,</span> 
     </span>
     <span class='ocr_line' id='line_1_22' title="bbox 306 2081 1881 2145; baseline -0.001 -15"><span class='ocrx_word' id='word_1_130' title='bbox 306 2099 455 2145; x_wconf 86' lang='lat' dir='ltr'>quam</span> <span class='ocrx_word' id='word_1_131' title='bbox 492 2081 629 2130; x_wconf 90' lang='lat' dir='ltr'>dives</span> <span class='ocrx_word' id='word_1_132' title='bbox 668 2081 874 2144; x_wconf 88' lang='lat' dir='ltr'>pecoris,</span> <span class='ocrx_word' id='word_1_133' title='bbox 917 2081 1048 2130; x_wconf 86' lang='lat' dir='ltr'>nivei</span> <span class='ocrx_word' id='word_1_134' title='bbox 1085 2099 1236 2144; x_wconf 89' lang='lat' dir='ltr'>quam</span> <span class='ocrx_word' id='word_1_135' title='bbox 1273 2082 1413 2130; x_wconf 91' lang='lat' dir='ltr'>lactis</span> <span class='ocrx_word' id='word_1_136' title='bbox 1448 2083 1725 2131; x_wconf 87' lang='lat' dir='ltr'>abundans.</span> <span class='ocrx_word' id='word_1_137' title='bbox 1829 2101 1881 2129; x_wconf 85' lang='lat'>20</span> 
     </span>
     <span class='ocr_line' id='line_1_23' title="bbox 307 2163 1622 2227; baseline 0.001 -16"><span class='ocrx_word' id='word_1_138' title='bbox 307 2164 440 2212; x_wconf 91' lang='lat' dir='ltr'>mille</span> <span class='ocrx_word' id='word_1_139' title='bbox 479 2180 618 2212; x_wconf 91' lang='lat' dir='ltr'>meae</span> <span class='ocrx_word' id='word_1_140' title='bbox 657 2163 834 2212; x_wconf 89' lang='lat' dir='ltr'>Siculis</span> <span class='ocrx_word' id='word_1_141' title='bbox 874 2173 1036 2212; x_wconf 91' lang='lat' dir='ltr'>errant</span> <span class='ocrx_word' id='word_1_142' title='bbox 1072 2164 1123 2211; x_wconf 93' lang='lat' dir='ltr'>in</span> <span class='ocrx_word' id='word_1_143' title='bbox 1162 2164 1415 2213; x_wconf 90' lang='lat' dir='ltr'>montibus</span> <span class='ocrx_word' id='word_1_144' title='bbox 1451 2181 1622 2227; x_wconf 88' lang='lat' dir='ltr'>agnae,</span> 
     </span>
     <span class='ocr_line' id='line_1_24' title="bbox 305 2245 1667 2309; baseline 0 -15"><span class='ocrx_word' id='word_1_145' title='bbox 305 2249 380 2296; x_wconf 93' lang='lat' dir='ltr'>lac</span> <span class='ocrx_word' id='word_1_146' title='bbox 418 2245 540 2294; x_wconf 87' lang='lat' dir='ltr'>mihi</span> <span class='ocrx_word' id='word_1_147' title='bbox 578 2264 680 2295; x_wconf 92' lang='lat' dir='ltr'>non</span> <span class='ocrx_word' id='word_1_148' title='bbox 717 2256 904 2295; x_wconf 86' lang='lat' dir='ltr'>aestate</span> <span class='ocrx_word' id='word_1_149' title='bbox 941 2263 1142 2306; x_wconf 93' lang='lat' dir='ltr'>novum,</span> <span class='ocrx_word' id='word_1_150' title='bbox 1182 2263 1285 2295; x_wconf 91' lang='lat' dir='ltr'>non</span> <span class='ocrx_word' id='word_1_151' title='bbox 1321 2246 1498 2309; x_wconf 85' lang='lat' dir='ltr'>frigore</span> <span class='ocrx_word' id='word_1_152' title='bbox 1533 2247 1667 2294; x_wconf 88' lang='lat' dir='ltr'>defit.</span> 
     </span>
     <span class='ocr_line' id='line_1_25' title="bbox 307 2327 1692 2391; baseline 0 -15"><span class='ocrx_word' id='word_1_153' title='bbox 307 2337 455 2376; x_wconf 93' lang='lat' dir='ltr'>canto</span> <span class='ocrx_word' id='word_1_154' title='bbox 494 2344 622 2391; x_wconf 88' lang='lat' dir='ltr'>quae</span> <span class='ocrx_word' id='word_1_155' title='bbox 662 2327 847 2387; x_wconf 89' lang='lat' dir='ltr'>solitus,</span> <span class='ocrx_word' id='word_1_156' title='bbox 891 2327 932 2376; x_wconf 91' lang='lat' dir='ltr'>si</span> <span class='ocrx_word' id='word_1_157' title='bbox 968 2329 1172 2390; x_wconf 88' lang='lat' dir='ltr'>quando</span> <span class='ocrx_word' id='word_1_158' title='bbox 1208 2337 1433 2377; x_wconf 91' lang='lat' dir='ltr'>armenta</span> <span class='ocrx_word' id='word_1_159' title='bbox 1467 2328 1692 2387; x_wconf 89' lang='lat' dir='ltr'>vocabat,</span> 
     </span>
     <span class='ocr_line' id='line_1_26' title="bbox 306 2410 1503 2474; baseline 0.001 -16"><span class='ocrx_word' id='word_1_160' title='bbox 306 2410 563 2474; x_wconf 90' lang='lat' dir='ltr'>Amphion</span> <span class='ocrx_word' id='word_1_161' title='bbox 606 2410 847 2459; x_wconf 90' lang='lat' dir='ltr'>Dircaeus</span> <span class='ocrx_word' id='word_1_162' title='bbox 885 2410 937 2458; x_wconf 93' lang='lat' dir='ltr'>in</span> <span class='ocrx_word' id='word_1_163' title='bbox 975 2414 1167 2459; x_wconf 92' lang='lat' dir='ltr'>Actaeo</span> <span class='ocrx_word' id='word_1_164' title='bbox 1203 2413 1503 2474; x_wconf 90' lang='lat' dir='ltr'>Aracyntho.</span> 
     </span>
     <span class='ocr_line' id='line_1_27' title="bbox 306 2489 1877 2556; baseline 0 -17"><span class='ocrx_word' id='word_1_165' title='bbox 306 2510 398 2541; x_wconf 92' lang='lat' dir='ltr'>nec</span> <span class='ocrx_word' id='word_1_166' title='bbox 435 2509 545 2540; x_wconf 92' lang='lat' dir='ltr'>sum</span> <span class='ocrx_word' id='word_1_167' title='bbox 583 2493 711 2540; x_wconf 88' lang='lat' dir='ltr'>adeo</span> <span class='ocrx_word' id='word_1_168' title='bbox 750 2491 1007 2541; x_wconf 89' lang='lat' dir='ltr'>informis:</span> <span class='ocrx_word' id='word_1_169' title='bbox 1043 2509 1201 2556; x_wconf 90' lang='lat' dir='ltr'>nuper</span> <span class='ocrx_word' id='word_1_170' title='bbox 1238 2510 1318 2541; x_wconf 91' lang='lat' dir='ltr'>me</span> <span class='ocrx_word' id='word_1_171' title='bbox 1354 2492 1406 2540; x_wconf 93' lang='lat' dir='ltr'>in</span> <span class='ocrx_word' id='word_1_172' title='bbox 1443 2491 1584 2541; x_wconf 91' lang='lat' dir='ltr'>litore</span> <span class='ocrx_word' id='word_1_173' title='bbox 1619 2491 1735 2551; x_wconf 90' lang='lat' dir='ltr'>vidi,</span> <span class='ocrx_word' id='word_1_174' title='bbox 1801 2489 1877 2551; x_wconf 55' lang='lat'>&#39;25</span> 
     </span>
     <span class='ocr_line' id='line_1_28' title="bbox 307 2573 1880 2637; baseline -0.001 -14"><span class='ocrx_word' id='word_1_175' title='bbox 307 2592 420 2623; x_wconf 90' lang='lat' dir='ltr'>cum</span> <span class='ocrx_word' id='word_1_176' title='bbox 457 2574 711 2637; x_wconf 88' lang='lat' dir='ltr'>placidum</span> <span class='ocrx_word' id='word_1_177' title='bbox 751 2575 911 2624; x_wconf 91' lang='lat' dir='ltr'>ventis</span> <span class='ocrx_word' id='word_1_178' title='bbox 949 2583 1098 2624; x_wconf 91' lang='lat' dir='ltr'>staret</span> <span class='ocrx_word' id='word_1_179' title='bbox 1136 2592 1282 2624; x_wconf 83' lang='lat' dir='ltr'>mare.</span> <span class='ocrx_word' id='word_1_180' title='bbox 1357 2592 1460 2624; x_wconf 91' lang='lat' dir='ltr'>non</span> <span class='ocrx_word' id='word_1_181' title='bbox 1494 2591 1586 2637; x_wconf 86' lang='lat' dir='ltr'>ego</span> <span class='ocrx_word' id='word_1_182' title='bbox 1622 2573 1880 2637; x_wconf 90' lang='lat' dir='ltr'>Daphnim</span> 
     </span>
     <span class='ocr_line' id='line_1_29' title="bbox 307 2656 1593 2721; baseline 0.001 -18"><span class='ocrx_word' id='word_1_183' title='bbox 307 2656 470 2705; x_wconf 91' lang='lat' dir='ltr'>iudice</span> <span class='ocrx_word' id='word_1_184' title='bbox 508 2666 555 2704; x_wconf 91' lang='lat' dir='ltr'>te</span> <span class='ocrx_word' id='word_1_185' title='bbox 595 2667 828 2717; x_wconf 89' lang='lat' dir='ltr'>metuam,</span> <span class='ocrx_word' id='word_1_186' title='bbox 870 2657 910 2705; x_wconf 90' lang='lat' dir='ltr'>si</span> <span class='ocrx_word' id='word_1_187' title='bbox 946 2675 1221 2721; x_wconf 87' lang='lat' dir='ltr'>numquam</span> <span class='ocrx_word' id='word_1_188' title='bbox 1258 2656 1380 2705; x_wconf 89' lang='lat' dir='ltr'>fallit</span> <span class='ocrx_word' id='word_1_189' title='bbox 1417 2656 1593 2719; x_wconf 89' lang='lat' dir='ltr'>imago.</span> 
     </span>
     <span class='ocr_line' id='line_1_30' title="bbox 307 2738 1509 2788; baseline 0.001 -3"><span class='ocrx_word' id='word_1_190' title='bbox 307 2754 338 2786; x_wconf 95' lang='lat' dir='ltr'>o</span> <span class='ocrx_word' id='word_1_191' title='bbox 376 2746 570 2786; x_wconf 92' lang='lat' dir='ltr'>tantum</span> <span class='ocrx_word' id='word_1_192' title='bbox 609 2739 760 2788; x_wconf 90' lang='lat' dir='ltr'>libeat</span> <span class='ocrx_word' id='word_1_193' title='bbox 799 2756 998 2788; x_wconf 92' lang='lat' dir='ltr'>mecum</span> <span class='ocrx_word' id='word_1_194' title='bbox 1034 2739 1125 2788; x_wconf 87' lang='lat' dir='ltr'>tibi</span> <span class='ocrx_word' id='word_1_195' title='bbox 1162 2738 1363 2788; x_wconf 93' lang='lat' dir='ltr'>sordida</span> <span class='ocrx_word' id='word_1_196' title='bbox 1399 2756 1509 2787; x_wconf 92' lang='lat' dir='ltr'>rura</span> 
     </span>
    </p>
   </div>
   <div class='ocr_carea' id='block_1_4' title="bbox 207 2866 1881 3031">
    <p class='ocr_par' dir='ltr' id='par_1_4' title="bbox 207 2866 1881 3031">
     <span class='ocr_line' id='line_1_31' title="bbox 263 2866 1881 2921; baseline 0 -14"><span class='ocrx_word' id='word_1_197' title='bbox 263 2868 316 2909; x_wconf 88' lang='lat' dir='ltr'>II.</span> <span class='ocrx_word' id='word_1_198' title='bbox 364 2872 468 2908; x_wconf 88' lang='lat'>1-28</span> <span class='ocrx_word' id='word_1_199' title='bbox 489 2870 570 2908; x_wconf 84' lang='lat' dir='ltr'>PR</span> <span class='ocrx_word' id='word_1_200' title='bbox 794 2886 815 2921; x_wconf 93' lang='lat'>7</span> <span class='ocrx_word' id='word_1_201' title='bbox 847 2885 973 2921; x_wconf 86' lang='lat' dir='ltr'>coges</span> <span class='ocrx_word' id='word_1_202' title='bbox 995 2871 1037 2909; x_wconf 89' lang='lat' dir='ltr'><em>R</em></span> <span class='ocrx_word' id='word_1_203' title='bbox 1212 2885 1239 2920; x_wconf 92' lang='lat'><strong>9</strong></span> <span class='ocrx_word' id='word_1_204' title='bbox 1268 2870 1448 2909; x_wconf 83' lang='lat' dir='ltr'>lacertas</span> <span class='ocrx_word' id='word_1_205' title='bbox 1469 2868 1556 2908; x_wconf 69' lang='lat' dir='ltr'>P¹vr</span> <span class='ocrx_word' id='word_1_206' title='bbox 1739 2881 1787 2907; x_wconf 85' lang='lat'>12</span> <span class='ocrx_word' id='word_1_207' title='bbox 1815 2866 1881 2918; x_wconf 85' lang='lat' dir='ltr'>at]</span> 
     </span>
     <span class='ocr_line' id='line_1_32' title="bbox 207 2921 1881 2977; baseline -0.001 -14"><span class='ocrx_word' id='word_1_208' title='bbox 207 2936 255 2962; x_wconf 88' lang='lat' dir='ltr'>ac</span> <span class='ocrx_word' id='word_1_209' title='bbox 276 2922 318 2960; x_wconf 88' lang='lat' dir='ltr'><em>R</em></span> <span class='ocrx_word' id='word_1_210' title='bbox 402 2938 468 2964; x_wconf 90' lang='lat' dir='ltr'>me</span> <span class='ocrx_word' id='word_1_211' title='bbox 491 2939 583 2965; x_wconf 87' lang='lat' dir='ltr'>cum</span> <span class='ocrx_word' id='word_1_212' title='bbox 606 2926 771 2975; x_wconf 62' lang='lat' dir='ltr'>Bentley</span> <span class='ocrx_word' id='word_1_213' title='bbox 929 2939 981 2965; x_wconf 84' lang='lat'>22</span> <span class='ocrx_word' id='word_1_214' title='bbox 1010 2927 1092 2965; x_wconf 89' lang='lat' dir='ltr'>lact</span> <span class='ocrx_word' id='word_1_215' title='bbox 1113 2926 1162 2977; x_wconf 92' lang='lat' dir='ltr'>P,</span> <span class='ocrx_word' id='word_1_216' title='bbox 1189 2940 1318 2976; x_wconf 85' lang='lat' dir='ltr'>quam</span> <span class='ocrx_word' id='word_1_217' title='bbox 1327 2929 1522 2975; x_wconf 87' lang='lat' dir='ltr'>formam</span> <span class='ocrx_word' id='word_1_218' title='bbox 1536 2923 1726 2976; x_wconf 79' lang='lat' dir='ltr'>probavit</span> <span class='ocrx_word' id='word_1_219' title='bbox 1749 2921 1881 2961; x_wconf 80' lang='lat' dir='ltr'>Varro</span> 
     </span>
     <span class='ocr_line' id='line_1_33' title="bbox 207 2977 1099 3031; baseline 0.006 -16"><span class='ocrx_word' id='word_1_220' title='bbox 207 2990 261 3026; x_wconf 90' lang='lat'>27</span> <span class='ocrx_word' id='word_1_221' title='bbox 290 2977 396 3017; x_wconf 85' lang='lat' dir='ltr'>fallit</span> <span class='ocrx_word' id='word_1_222' title='bbox 414 2979 519 3019; x_wconf 74' lang='lat' dir='ltr'>Plc:</span> <span class='ocrx_word' id='word_1_223' title='bbox 551 2980 668 3020; x_wconf 87' lang='lat' dir='ltr'>fallat</span> <span class='ocrx_word' id='word_1_224' title='bbox 689 2979 864 3031; x_wconf 70' lang='lat' dir='ltr'><em>P2R7b2</em></span> <span class='ocrx_word' id='word_1_225' title='bbox 884 2996 893 3020; x_wconf 75' lang='grc' dir='ltr'>ε</span> <span class='ocrx_word' id='word_1_226' title='bbox 924 2982 1041 3020; x_wconf 89' lang='lat' dir='ltr'>fallet</span> <span class='ocrx_word' id='word_1_227' title='bbox 1061 2981 1099 3019; x_wconf 79' lang='lat' dir='ltr'>bl</span> 
     </span>
    </p>
   </div>
  </div>
 </body>
</html>
