2014 3372
1354 165 1716 215 AENEIDOS
1752 166 1857 216 XII

199 310 407 358 Parthus
444 307 545 358 sive
583 309 777 371 Cydon,
815 310 969 357 telum
1004 307 1384 368 immedicabile,
1425 308 1577 369 torsit,

199 389 408 439 stridens
446 399 494 439 et
530 389 699 438 celeris
736 390 989 454 incognita
1024 389 1234 439 transilit
1270 390 1499 438 umbras:

199 470 307 519 talis
343 487 396 520 se
432 480 536 519 sata
573 473 734 519 Nocte
771 470 880 519 tulit
917 481 1167 534 terrasque
1204 471 1387 534 petivit.
1781 478 1862 519 860

199 561 464 615 postquam
499 552 630 600 acies
668 552 804 601 videt
842 552 1017 601 Iliacas
1054 562 1203 616 atque
1239 552 1437 616 agmina
1474 552 1643 612 Turni,

198 632 325 681 alitis
363 633 413 681 in
450 650 627 695 parvae
663 633 877 682 subitam
915 636 1123 683 collecta
1159 636 1377 697 figuram,

199 731 327 777 quae
364 716 619 778 quondam
656 714 707 763 in
745 715 902 764 bustis
938 725 1023 764 aut
1060 715 1360 765 culminibus
1398 715 1602 765 desertis

148 826 152 829 <
200 804 347 844 nocte
384 797 563 844 sedens
602 812 764 844 serum
802 796 934 845 canit
971 796 1254 860 importuna
1289 814 1376 860 per
1411 797 1680 846 umbras——

201 877 329 924 hanc
365 893 503 924 versa
540 875 590 923 in
628 876 803 925 faciem
841 877 997 925 Turni
1034 894 1087 926 se
1122 878 1273 941 pestis
1311 879 1377 927 ob
1414 895 1499 927 ora
1783 886 1861 937 865

200 958 390 1019 fertque
426 958 669 1020 refertque
707 974 888 1006 sonans
927 957 1242 1022 clipeumque
1280 959 1532 1007 everberat
1568 958 1671 1007 alis.

199 1037 267 1085 illi
305 1039 527 1087 membra
564 1055 722 1087 novus
760 1038 904 1087 solvit
940 1039 1202 1088 formidine
1240 1049 1421 1102 torpor,

199 1128 514 1182 arrectaeque
551 1121 751 1168 horrore
788 1136 961 1168 comae
997 1129 1046 1168 et
1082 1137 1176 1169 vox
1212 1120 1436 1169 faucibus
1474 1121 1642 1170 haesit.

267 1203 335 1248 At
372 1202 543 1263 procul
580 1210 634 1248 ut
674 1200 822 1249 Dirae
859 1200 1118 1249 stridorem
1154 1201 1355 1264 agnovit
1391 1211 1439 1250 et
1475 1204 1590 1262 alas,

200 1280 367 1329 infelix
403 1281 548 1330 crinis
587 1281 767 1331 scindit
805 1284 1011 1330 Iuturna
1047 1284 1235 1331 solutos
1782 1294 1864 1345 870

200 1362 446 1425 unguibus
485 1380 570 1412 ora
605 1380 741 1412 soror
775 1365 982 1413 foedans
1019 1373 1068 1413 et
1103 1373 1304 1428 pectora
1338 1365 1549 1430 pugnis:

204 1447 215 1468 ‘
234 1443 355 1506 quid
392 1461 525 1492 nunc
562 1453 610 1492 te
648 1453 745 1503 tua,
784 1446 966 1504 Turne,
1007 1454 1169 1508 potest
1205 1463 1438 1509 germana
1473 1446 1673 1496 iuvare?

199 1533 283 1572 aut
321 1523 442 1587 quid
478 1524 575 1573 iam
613 1526 764 1573 durae
800 1535 996 1588 superat
1033 1526 1194 1574 mihi?
1241 1543 1339 1589 qua
1375 1527 1464 1576 tibi
1500 1530 1661 1577 lucem

199 1615 300 1654 arte
340 1609 539 1655 morer?
581 1605 700 1654 talin
737 1623 941 1669 possum
977 1624 1058 1656 me
1095 1625 1347 1671 opponere
1383 1612 1645 1660 monstro?

199 1686 297 1735 iam
335 1686 432 1735 iam
470 1686 642 1750 linquo
677 1686 820 1736 acies.
884 1705 947 1736 ne
983 1705 1064 1737 me
1101 1698 1276 1738 terrete
1313 1689 1586 1751 timentem,
1785 1702 1861 1752 875

200 1769 446 1817 obscenae
485 1770 740 1817 volucres:
789 1770 975 1817 alarum
1012 1771 1213 1818 verbera
1249 1787 1404 1821 nosco

199 1850 496 1913 letalemque
534 1866 725 1909 sonum,
766 1866 859 1898 nec
895 1852 1069 1898 fallunt
1105 1850 1236 1900 iussa
1272 1853 1483 1915 superba

201 1931 501 1994 magnanimi
543 1931 687 1980 Iovis.
763 1932 886 1980 haec
922 1948 1011 1993 pro
1048 1931 1322 1994 virginitate
1358 1934 1588 1997 reponit?

200 2028 300 2072 quo
337 2012 486 2060 vitam
525 2012 663 2061 dedit
700 2014 986 2059 aeternam?
1028 2029 1114 2060 cur
1150 2013 1319 2062 mortis
1355 2017 1587 2079 adempta
1624 2026 1696 2065 est

199 2093 466 2142 condicio?
522 2110 720 2157 possem
759 2101 922 2141 tantos
959 2092 1098 2141 finire
1134 2095 1329 2143 dolores
1783 2108 1864 2147 880

198 2192 331 2223 nunc
367 2186 510 2235 certe,
552 2186 600 2224 et
637 2176 816 2224 misero
852 2174 983 2223 fratri
1020 2192 1187 2223 comes
1224 2176 1291 2224 ire
1326 2194 1414 2239 per
1448 2179 1677 2228 umbras!

199 2255 486 2305 immortalis
526 2261 654 2320 ego?
707 2267 792 2306 aut
830 2257 1097 2320 quicquam
1135 2256 1255 2305 mihi
1293 2259 1437 2307 dulce
1474 2277 1696 2309 meorum

199 2347 246 2386 te
284 2338 402 2397 sine,
445 2342 601 2398 frater,
642 2340 771 2389 erit?
822 2357 852 2387 o
889 2357 1016 2402 quae
1053 2338 1168 2387 satis
1205 2339 1304 2387 ima
1339 2340 1562 2390 dehiscat

199 2429 322 2467 terra
359 2420 492 2479 mihi,
533 2421 791 2484 manisque
822 2423 967 2470 deam
1005 2421 1231 2470 demittat
1267 2423 1331 2469 ad
1367 2421 1560 2471 imos?'

198 2509 390 2548 tantum
432 2503 575 2549 effata
612 2512 759 2565 caput
795 2504 970 2564 glauco
1011 2502 1228 2551 contexit
1264 2502 1448 2551 amictu
1779 2517 1855 2564 885
1895 2526 1899 2529 ·

199 2583 352 2629 multa
387 2598 588 2644 gemens
626 2592 674 2630 et
710 2599 761 2629 se
799 2582 948 2630 fluvio
986 2584 1080 2630 dea
1116 2583 1342 2631 condidit
1376 2586 1489 2632 alto.

253 2711 443 2760 858-886
465 2710 594 2748 MPR
812 2713 893 2750 860
923 2711 1047 2751 talem
1071 2728 1097 2750 π
1112 2714 1263 2764 probat
1281 2714 1453 2752 Κυῖέαἶα
1612 2717 1690 2754 862
1721 2717 1860 2756 subito

199 2764 311 2815 P71b
422 2766 614 2803 coniecta
634 2764 678 2815 ’γι
698 2779 705 2802 :
749 2766 941 2804 coniecto
963 2767 1025 2804 P:
1069 2780 1276 2807 conversa
1298 2768 1349 2806 M
1531 2771 1611 2820 865
1643 2771 1741 2809 inob
1762 2770 1859 2811 Ml?

200 2819 242 2855 in
265 2818 331 2856 Μ2
354 2834 362 2857 :
393 2820 445 2857 ad
466 2818 555 2869 Ργε
717 2821 798 2868 870
829 2820 986 2859 scindit
1008 2821 1139 2860 crinis
1159 2822 1221 2860 Rc
1357 2825 1431 2872 871
1456 2844 1487 2856 =
1508 2825 1557 2864 iv.
1585 2827 1665 2874 673
1686 2825 1864 2864 damnat

201 2872 402 2923 Gic'tlzling
591 2875 670 2922 874
700 2874 860 2923 possim
886 2874 929 2911 R
1113 2877 1191 2925 883
1223 2890 1347 2926 quam
1368 2878 1449 2928 1³7¹
1564 2879 1666 2931 ima]
1682 2880 1762 2918 iam
1781 2879 1858 2921 P¹:

198 2925 281 2965 alta
329 2940 391 2965 cm
431 2927 648 2976 deteriores,
683 2928 832 2979 probat
864 2929 1029 2979 Bentley
1216 2932 1407 2971 dehiscet
1448 2933 1504 2971 Ρ1
1779 2935 1859 2983 884

200 2981 382 3019 demittit
403 2981 457 3018 Ρ1
