2014 3372
1365 179 1727 229 AENEIDOS
1763 179 1880 228 XII*

202 340 296 373 nec
331 339 431 387 quo
467 338 520 372 se
555 321 740 385 eripiat,
779 337 873 370 nec
909 336 1007 383 qua
1041 319 1089 368 vi
1125 321 1296 369 tendat
1332 317 1384 367 in
1420 320 1629 379 hostem,

202 422 295 453 nec
331 420 498 452 currus
535 419 745 466 usquam
781 401 917 451 videt
952 400 1233 464 aurigamve
1270 417 1502 450 sororem.

270 485 538 535 Cunctanti
574 486 728 533 telum
766 486 961 532 Aeneas
998 484 1144 531 fatale
1186 491 1423 542 coruscat,

201 567 398 616 sortitus
435 569 683 616 fortunam
719 565 887 625 oculis,
930 574 978 614 et
1015 581 1222 629 corpore
1260 573 1365 613 toto

201 648 393 696 eminus
430 647 691 711 intorquet.
766 646 941 695 murali
977 645 1174 696 concita
1210 662 1485 708 numquam

200 738 447 779 tormento
484 729 553 778 sic
590 746 704 777 saxa
739 731 955 778 fremunt
991 745 1084 777 nec
1122 728 1329 777 fulmine
1366 727 1489 776 tanti

140 804 144 806 ⁸
200 809 461 859 dissultant
497 810 722 873 crepitus.
796 811 928 858 volat
964 809 1054 858 atri
1091 808 1298 858 turbinis
1335 808 1486 857 instar

199 890 400 939 exitium
437 891 599 940 dirum
636 892 774 939 hasta
812 893 971 939 ferens
1009 908 1217 954 orasque
1254 890 1462 939 recludit

198 970 378 1019 loricae
415 980 463 1020 et
499 971 642 1035 clipei
680 980 922 1020 extremos
961 970 1294 1034 septemplicis
1332 970 1494 1019 orbis:

197 1067 285 1113 per
320 1051 540 1100 medium
576 1051 786 1100 stridens
825 1052 995 1100 transit
1031 1054 1202 1100 femur.
1277 1051 1450 1100 incidit
1486 1050 1612 1101 ictus

197 1130 369 1193 ingens
406 1133 470 1180 ad
507 1141 682 1180 terram
720 1132 974 1195 duplicato
1011 1132 1199 1195 poplite
1236 1134 1447 1180 Turnus.

198 1222 499 1275 consurgunt
534 1213 719 1276 gemitu
758 1213 931 1261 Rutuli
968 1222 1200 1275 totusque
1238 1213 1446 1276 remugit

198 1309 341 1340 mons
380 1293 563 1342 circum
601 1303 649 1343 et
684 1311 860 1343 vocem
897 1297 993 1343 late
1029 1311 1233 1343 nemora
1268 1296 1366 1342 alta
1402 1293 1669 1343 remittunt.

196 1371 277 1421 ille
302 1373 501 1422 humilis
527 1376 831 1438 supplexque
858 1377 1029 1424 oculos
1056 1377 1377 1438 dextramque
1403 1383 1687 1437 precantem

195 1456 496 1516 protendens
537 1456 796 1518 ‘equidem
834 1456 989 1505 merui
1027 1472 1119 1504 nec
1157 1457 1420 1518 deprecor’
1458 1455 1647 1519 inquit;

200 1537 361 1583 ‘utere
398 1544 527 1584 sorte
563 1544 658 1584 tua.
732 1536 896 1585 miseri
933 1546 981 1584 te
1018 1536 1058 1583 si
1096 1552 1194 1598 qua
1229 1534 1443 1598 parentis

195 1623 393 1678 tangere
430 1632 545 1664 cura
580 1624 756 1679 potest,
796 1633 882 1665 oro
922 1616 1033 1682 (fuit
1071 1625 1119 1665 et
1156 1616 1245 1664 tibi
1281 1616 1389 1664 talis

193 1695 438 1745 Anchises
468 1696 679 1761 genitor)
719 1697 886 1746 Dauni
923 1697 1151 1746 miserere
1189 1706 1416 1746 senectae

194 1785 242 1824 et
278 1794 371 1837 me,
413 1795 499 1827 seu
536 1795 713 1841 corpus
750 1779 1015 1842 spoliatum
1053 1779 1240 1827 lumine
1278 1778 1446 1838 mavis,

193 1858 345 1906 redde
382 1859 517 1907 meis.
591 1859 747 1908 vicisti
784 1869 832 1908 et
868 1859 1054 1908 victum
1092 1861 1295 1908 tendere
1332 1861 1521 1922 palmas

191 1939 402 1988 Ausonii
437 1940 603 1989 videre
624 1959 638 2001 3
685 1951 767 1990 tua
805 1950 878 1990 est
916 1941 1119 1989 Lavinia
1156 1941 1384 1999 coniunx,

192 2019 392 2067 ulterius
429 2037 492 2068 ne
529 2022 678 2069 tende
714 2020 872 2069 odiis.'
945 2020 1077 2070 stetit
1113 2038 1225 2070 acer
1260 2020 1310 2068 in
1347 2020 1493 2068 armis

190 2101 387 2149 Aeneas
423 2103 624 2149 volvens
662 2104 833 2150 oculos
871 2103 1193 2165 dextramque
1230 2100 1492 2164 repressit3

191 2189 239 2228 et
274 2180 369 2230 iam
409 2182 607 2246 iamque
643 2182 797 2247 magis
836 2193 1154 2232 cunctantem
1193 2185 1389 2232 flectere
1426 2199 1588 2231 sermo

189 2272 432 2325 coeperat,
471 2263 639 2312 infelix
674 2281 845 2313 umero
883 2281 997 2313 cum
1034 2263 1259 2328 apparuit
1294 2265 1394 2312 alto

189 2342 379 2392 balteus
417 2353 465 2392 et
501 2344 631 2393 notis
668 2346 907 2392 fulserunt
945 2344 1141 2407 cingula
1179 2343 1324 2392 bullis

188 2424 422 2473 Pallantis
460 2425 611 2488 pueri,
650 2425 834 2473 victum
872 2442 1021 2488 quem
1058 2427 1258 2475 vulnere
1295 2427 1493 2473 Turnus

187 2514 418 2554 straverat
453 2516 602 2569 atque
638 2507 818 2555 umeris
855 2506 1109 2556 inimicum
1147 2507 1337 2570 insigne
1373 2507 1585 2570 gerebat.

186 2585 280 2646 ille,
320 2587 474 2635 oculis
511 2596 775 2650 postquam
812 2586 943 2635 saevi
979 2587 1286 2636 monimenta
1322 2587 1505 2637 doloris

185 2667 482 2730 exuviasque
518 2668 693 2727 hausit,
734 2668 868 2716 furiis
903 2685 1141 2718 accensus
1180 2679 1227 2718 et
1263 2669 1333 2717 ira

184 2748 446 2797 terribilis:
502 2753 650 2798 ‘tune
687 2748 802 2797 hinc
839 2750 1007 2812 spoliis
1044 2749 1215 2799 indute
1252 2767 1476 2799 meorum

1789 585 1870 629 9²0

1785 993 1865 1034 925

1781 1397 1864 1437 930

1779 1800 1858 1842 935

1776 2204 1857 2246 940

1769 2608 1847 2649 945

237 2878 430 2926 917·938
451 2877 606 2925 MPR;
637 2889 827 2927 939-947
846 2876 937 2914 MP
1082 2878 1163 2926 918
1186 2877 1273 2929 -ve]
1297 2890 1397 2926 -que
1418 2877 1513 2929 R7b
1623 2883 1843 2928 922tanto

383 2942 465 2980 930
494 2930 676 2981 supplex
698 2931 842 2970 oculos
860 2930 989 2982 PR7²
