2014 3372
1361 131 1723 182 AENEIDOS
1763 132 1818 179 II

146 269 414 321 dividimus
451 286 617 320 muros
653 279 703 319 et
739 269 938 319 moenia
974 270 1240 334 pandimus
1277 270 1424 321 urbis.

145 350 410 415 accingunt
447 368 620 400 omnes
656 351 794 415 operi
829 351 1142 416 pedibusque
1178 362 1395 402 rotarum
1740 374 1816 415 235

146 432 396 481 subiciunt
433 435 611 495 lapsus,
652 442 701 481 et
738 442 947 496 stuppea
982 433 1178 482 vincula
1214 437 1344 484 collo

144 512 439 562 intendunt:
488 513 681 562 scandit
716 514 874 562 fatalis
911 514 1142 562 machina
1177 532 1343 564 muros

144 596 244 642 feta
278 594 437 643 armis.
511 594 650 658 pueri
688 595 873 644 circum
909 595 1247 659 innuptaeque
1282 598 1477 661 puellae

144 691 282 723 sacra
319 684 504 723 canunt
542 677 812 740 funemque
849 694 1000 725 manu
1037 677 1322 741 contingere
1357 680 1608 741 gaudent:

143 754 227 803 illa
262 755 394 804 subit
432 755 725 819 mediaeque
763 756 957 806 minans
993 757 1226 807 inlabitur
1262 759 1384 807 urbi.
1739 781 1818 822 240

144 853 175 904 o
211 836 378 900 patria,
418 853 449 885 o
486 836 655 886 divum
693 840 872 887 domus
913 838 1061 887 Ilium
1097 848 1147 888 et
1182 839 1367 888 incluta
1404 841 1536 889 bello

145 917 342 981 moenia
380 918 755 968 Dardanidum!
805 929 977 982 quater
1013 919 1121 983 ipso
1157 920 1209 968 in
1245 920 1414 970 limine
1451 930 1622 984 portae

143 998 359 1047 substitit
394 1008 544 1062 atque
581 1009 721 1049 utero
758 1000 976 1049 sonitum
1013 1011 1186 1064 quater
1221 1018 1357 1050 arma
1392 1003 1610 1064 dedere3

143 1079 381 1129 instamus
419 1089 585 1130 tamen
622 1081 938 1132 immemores
975 1083 1209 1147 caecique
1245 1086 1408 1133 furore

143 1170 192 1210 et
228 1171 504 1210 monstrum
542 1163 710 1212 infelix
745 1173 932 1213 sacrata
969 1164 1185 1213 sistimus
1221 1182 1346 1214 arce.
1734 1186 1811 1226 245

143 1253 263 1292 tunc
299 1244 447 1293 etiam
484 1245 594 1294 fatis
630 1246 786 1309 aperit
822 1248 1101 1297 Cassandra
1136 1248 1310 1296 futuris

142 1322 228 1373 ora
264 1324 345 1373 dei
381 1325 516 1374 iussu
553 1343 655 1375 non
692 1344 931 1389 umquam
968 1328 1152 1377 credita
1188 1328 1407 1377 Teucris.

142 1424 234 1456 nos
272 1408 477 1457 delubra
513 1410 664 1457 deum
700 1409 876 1469 miseri,
917 1410 1097 1472 quibus
1134 1410 1335 1459 ultimus
1373 1419 1502 1460 esset

142 1488 223 1538 ille
260 1489 379 1548 dies,
419 1491 543 1538 festa
578 1492 797 1539 velamus
834 1492 1010 1540 fronde
1046 1508 1133 1554 per
1168 1492 1355 1540 urbem.

209 1571 426 1620 Vertitur
461 1570 647 1620 interea
682 1574 875 1620 caelum
911 1581 959 1620 et
995 1571 1091 1620 ruit
1127 1572 1333 1621 Oceano
1370 1589 1469 1622 nox
1734 1595 1812 1636 250

142 1651 396 1701 involvens
435 1653 610 1701 umbra
646 1669 825 1716 magna
861 1662 1137 1716 terramque
1173 1655 1445 1716 polumque

145 1733 620 1796 Myrmidonumque
657 1735 836 1795 dolos3
883 1734 978 1783 fusi
1014 1751 1101 1798 per
1137 1734 1335 1783 moenia
1370 1734 1552 1784 Teucri

142 1815 425 1864 conticuere
443 1834 456 1875 ,·
504 1831 651 1878 sopor
686 1817 841 1864 fessos
878 1815 1222 1879 complectitur
1255 1825 1401 1865 artus.

142 1905 192 1944 et
227 1896 324 1944 iam
362 1896 542 1959 Argiva
578 1898 791 1960 phalanx
826 1896 1073 1945 instructis
1111 1897 1318 1955 navibus
1356 1897 1459 1947 ibat

141 1995 171 2025 a
207 1979 415 2027 Tenedo
454 1977 631 2026 tacitae
668 1995 754 2040 per
789 1977 949 2026 amica
984 1977 1176 2026 silentia
1211 1980 1358 2027 lunae
1738 1999 1810 2042 255

142 2056 284 2107 litora
319 2068 437 2107 nota
473 2069 660 2121 petens,
701 2061 925 2107 flammas
961 2075 1077 2106 cum
1113 2058 1243 2121 regia
1278 2057 1458 2121 puppis

141 2141 392 2198 extulerat,
431 2139 642 2202 fatisque
679 2141 831 2188 deum
868 2140 1101 2188 defensus
1137 2138 1318 2201 iniquis

142 2218 358 2268 inclusos
395 2229 534 2269 utero
574 2223 776 2269 Danaos
814 2228 861 2268 et
898 2219 1045 2282 pinea
1080 2219 1246 2267 furtim

142 2301 270 2348 laxat
306 2303 516 2349 claustra
553 2301 720 2350 Sinon.
796 2300 906 2350 illos
943 2303 1216 2363 patefactus
1253 2302 1317 2349 ad
1352 2318 1493 2350 auras

141 2381 303 2430 reddit
340 2399 509 2444 equus,
548 2381 762 2445 laetique
799 2399 921 2431 cavo
959 2399 1011 2430 se
1048 2381 1224 2430 robore
1260 2391 1495 2444 promunt
1733 2393 1810 2434 260

142 2462 486 2510 Thessandrus
525 2464 887 2525 Sthenelusque
925 2465 1078 2512 duces
1117 2471 1165 2510 et
1203 2461 1336 2511 dirus
1374 2462 1557 2523 Vlixes,

142 2542 414 2591 demissum
450 2543 573 2606 lapsi
608 2560 695 2607 per
730 2545 914 2603 funem,
953 2546 1268 2606 Acamasque
1305 2545 1575 2607 Thoasque

144 2622 438 2685 Pelidesque
477 2626 838 2687 Neoptolemus
875 2623 1162 2687 primusque
1201 2625 1453 2673 Machaon

142 2711 192 2751 et
230 2705 489 2752 Menelaus
526 2713 574 2753 et
609 2704 714 2767 ipse
750 2704 854 2754 doli
890 2704 1150 2754 fabricator
1188 2708 1367 2768 Epeos.

197 2846 387 2884 234—253
408 2834 522 2883 MP;
567 2837 757 2884 254-264
779 2835 905 2874 FMP
1202 2848 1280 2885 235
1311 2836 1538 2886 accingunt
1576 2849 1624 2876 se
1663 2835 1808 2885 Ma'hly

142 2900 219 2937 251
252 2889 439 2928 umbram
459 2889 534 2939 ’γ1
634 2903 827 2939 magnam
848 2889 930 2940 ΡὙ1
1055 2891 1136 2928 260
1164 2891 1349 2940 produnt
1389 2906 1418 2929 π
1448 2891 1597 2944 probat
1631 2890 1807 2931 Kvilala

142 2944 220 2981 261
258 2943 394 2994 dirus]
436 2945 556 2983 divus
593 2943 643 2982 F¹
671 2944 910 2984 Charisius:
943 2944 1037 2983 dius
1058 2942 1292 2984 Macrobius
