2020 3372
1337 151 1761 201 GEORGICON
1806 153 1860 199 II

251 294 390 342 Neve
427 290 517 339 tibi
552 291 618 339 ad
654 291 811 339 solem
847 298 1050 353 vergant
1086 288 1253 337 vineta
1291 290 1575 348 cadentem,

180 390 305 423 neve
340 372 467 421 inter
500 371 610 421 vitis
646 373 867 434 corylum
903 387 1021 430 sere,
1062 387 1187 419 neve
1221 371 1414 433 flagella

179 471 374 505 summa
398 463 512 518 pete
536 462 621 502 aut
646 469 840 501 summa
866 452 1086 516 defringe
1112 469 1171 500 ex
1194 452 1368 501 arbore
1392 454 1585 515 plantas
1776 472 1855 510 300

181 536 367 601 (tantus
402 551 541 584 amor
575 532 765 598 terrae),
805 550 904 582 neu
939 535 1066 581 ferro
1102 534 1245 582 laede
1281 542 1481 582 retunso

179 618 382 677 semina,
421 634 546 666 neve
582 618 721 665 oleae
757 615 987 664 silvestris
1023 614 1182 663 insere
1218 624 1431 663 truncos.

179 717 295 748 nam
331 716 479 762 saepe
515 697 724 747 incautis
761 696 1039 761 pastoribus
1076 695 1257 745 excidit
1292 695 1430 759 ignis,

179 781 264 845 qui
300 781 466 829 furtim
502 779 673 843 pingui
709 779 923 842 primum
960 779 1053 827 sub
1090 778 1273 827 cortice
1309 787 1468 827 tectus

177 863 356 912 robora
392 861 717 925 comprendit,
757 862 1058 923 frondesque
1095 862 1290 923 elapsus
1326 859 1378 907 in
1413 861 1536 908 altas
1775 879 1852 922 305

162 943 430 1006 'ingentem
467 944 606 991 caelo
643 941 861 991 sonitum
897 941 1038 991 dedit
1056 960 1069 1001 3
1110 941 1228 989 inde
1265 950 1463 989 secutus

177 1042 265 1088 per
299 1042 462 1073 ramos
498 1024 654 1073 victor
689 1041 875 1087 perque
910 1026 1009 1072 alta
1044 1023 1305 1071 cacumina
1340 1032 1522 1085 regnat,

177 1117 227 1157 et
262 1117 423 1156 totum
459 1107 663 1156 involvit
699 1106 912 1155 flammis
948 1123 1123 1155 nemus
1161 1115 1209 1154 et
1245 1105 1340 1154 ruit
1375 1114 1531 1154 atram

176 1191 242 1238 ad
278 1191 471 1238 caelum
506 1188 647 1251 picea
683 1205 873 1237 crassus
909 1187 1118 1251 caligine
1153 1188 1354 1247 nubem,

177 1269 464 1333 praesertim
501 1269 542 1317 si
577 1278 845 1333 tempestas
881 1286 910 1317 a
946 1268 1127 1318 vertice
1164 1268 1296 1317 silvis
1776 1287 1855 1326 310

177 1350 416 1410 incubuit,
454 1352 792 1413 glomeratque
828 1351 988 1398 ferens
1025 1349 1257 1398 incendia
1292 1358 1479 1397 ventus.

177 1434 275 1481 hoc
310 1431 409 1492 ubi,
449 1449 552 1480 non
587 1449 616 1479 a
651 1431 800 1494 stirpe
835 1433 999 1479 valent
1036 1447 1308 1493 caesaeque
1344 1430 1519 1479 reverti

177 1523 386 1578 possunt
421 1523 570 1577 atque
606 1513 707 1562 ima
742 1513 925 1561 similes
962 1512 1253 1561 revirescere
1290 1522 1415 1561 terra
1433 1530 1447 1573 3

177 1594 345 1644 infelix
380 1604 577 1657 superat
612 1594 740 1643 foliis
777 1596 987 1643 oleaster
1020 1594 1211 1642 amaris.

246 1679 356 1725 Nec
392 1676 482 1724 tibi
518 1685 619 1724 tam
655 1677 874 1738 prudens
911 1675 1174 1738 quisquam
1211 1676 1506 1737 persuadeat
1540 1682 1714 1723 auctor
1774 1692 1853 1734 315

177 1760 403 1807 tellurem
441 1760 601 1806 Borea
636 1756 843 1820 rigidam
881 1756 1096 1819 spirante
1134 1773 1346 1805 movere.

178 1856 288 1888 rura
323 1841 436 1902 gelu
472 1848 591 1888 tunc
627 1838 813 1888 claudit
849 1838 1021 1898 hiems,
1061 1855 1154 1887 nec
1192 1836 1380 1886 semine
1417 1836 1546 1887 iacto

178 1930 461 1969 concretam
498 1920 680 1984 patitur
715 1919 933 1968 radicem
968 1921 1183 1983 adfigere
1219 1929 1387 1968 terrae.

179 2001 368 2065 optima
404 2001 580 2051 vinetis
618 2002 742 2050 satio
779 2019 895 2050 cum
931 2018 1044 2050 vere
1080 2002 1289 2050 rubente

179 2083 394 2132 candida
430 2083 564 2132 venit
599 2083 701 2131 avis
738 2083 896 2145 longis
933 2082 1090 2130 invisa
1126 2082 1356 2141 colubris,
1775 2101 1854 2140 320

178 2165 336 2229 prima
371 2166 449 2214 vel
484 2164 710 2212 autumni
746 2164 838 2212 sub
876 2163 1066 2226 frigora,
1106 2180 1221 2212 cum
1257 2163 1457 2226 rapidus
1495 2164 1580 2212 Sol

177 2247 405 2294 nondum
443 2244 659 2293 hiemem
696 2243 937 2306 contingit
974 2243 1128 2307 equis,
1167 2243 1266 2291 iam
1303 2242 1532 2306 praeterit
1567 2251 1740 2291 aestas.

177 2344 261 2375 ver
295 2329 423 2377 adeo
459 2326 623 2375 frondi
659 2342 933 2385 nemorum,
968 2342 1052 2373 ver
1088 2324 1206 2373 utile
1242 2324 1387 2383 silvis,

177 2425 289 2456 vere
326 2418 518 2456 tument
555 2417 710 2456 terrae
745 2416 795 2455 et
829 2406 1060 2470 genitalia
1096 2405 1286 2454 semina
1321 2414 1547 2469 poscunt.

178 2498 284 2557 tum
320 2499 459 2553 pater
495 2489 811 2552 omnipotens
848 2487 1074 2536 fecundis
1111 2486 1351 2535 imbribus
1384 2488 1572 2535 Aether
1773 2506 1851 2546 325

178 2569 400 2633 coniugis
436 2570 487 2618 in
523 2570 763 2633 gremium
799 2572 956 2618 laetae
992 2567 1263 2627 descendit,
1304 2577 1352 2616 et
1388 2567 1550 2616 omnis

172 2667 385 2714 -magnus
421 2651 506 2700 alit
542 2669 722 2715 magno
760 2650 1055 2700 commixtus
1093 2666 1297 2712 corpore
1333 2651 1473 2698 fetus.

235 2785 329 2834 298,
355 2795 436 2834 299
470 2781 670 2832 MPRV;
713 2795 902 2832 300-327
926 2781 1059 2820 MPR
1224 2793 1305 2830 302
1335 2778 1431 2819 olea
1463 2777 1517 2816 M
1548 2776 1734 2829 Wagner
1757 2776 1855 2814 Rib-

182 2837 272 2877 beck
435 2849 514 2886 303
546 2838 628 2875 iam
650 2852 677 2875 π
842 2838 924 2886 316
954 2835 1119 2875 moveri
1148 2834 1231 2873 PR
1256 2834 1422 2872 Nonius
1440 2831 1612 2871 Ribbeck
1775 2833 1856 2881 318

183 2897 428 2985 ‹ozlpcrtizctrp‘gtum
463 2891 527 2930 M*
559 2891 740 2942 Ribbeck,
777 2895 825 2930 ut
855 2892 910 2929 sit
942 2895 1188 2929 concretum
1223 2895 1364 2929 terrae
1394 2894 1475 2939 pro
1509 2891 1709 2925 concreta
1744 2891 1858 2924 terra
