<?xml version="1.0" encoding="UTF-8"?>
<!DOCTYPE html PUBLIC "-//W3C//DTD XHTML 1.0 Transitional//EN"
    "http://www.w3.org/TR/xhtml1/DTD/xhtml1-transitional.dtd">
<html xmlns="http://www.w3.org/1999/xhtml" xml:lang="en" lang="en">
 <head>
  <title>
</title>
<meta http-equiv="Content-Type" content="text/html;charset=utf-8" />
  <meta name='ocr-system' content='tesseract 3.04.00' />
  <meta name='ocr-capabilities' content='ocr_page ocr_carea ocr_par ocr_line ocrx_word'/>
</head>
<body>
  <div class='ocr_page' id='page_1' title='image "./operarecognovitb00virguoft_0266.png"; bbox 0 0 2014 3372; ppageno 0'>
   <div class='ocr_carea' id='block_1_1' title="bbox 224 155 983 206">
    <p class='ocr_par' dir='ltr' id='par_1_1' title="bbox 224 155 983 206">
     <span class='ocr_line' id='line_1_1' title="bbox 224 155 983 206; baseline -0.004 -1"><span class='ocrx_word' id='word_1_1' title='bbox 224 159 276 206; x_wconf 91' lang='lat' dir='ltr'><strong>P.</strong></span> <span class='ocrx_word' id='word_1_2' title='bbox 316 157 616 205; x_wconf 90' lang='lat' dir='ltr'><strong>VERGILI</strong></span> <span class='ocrx_word' id='word_1_3' title='bbox 656 155 983 204; x_wconf 87' lang='lat' dir='ltr'><strong>MARONIS</strong></span> 
     </span>
    </p>
   </div>
   <div class='ocr_carea' id='block_1_2' title="bbox 223 292 1916 2983">
    <p class='ocr_par' dir='ltr' id='par_1_2' title="bbox 223 292 1912 2384">
     <span class='ocr_line' id='line_1_2' title="bbox 224 292 1518 362; baseline -0.002 -16"><span class='ocrx_word' id='word_1_4' title='bbox 224 314 411 362; x_wconf 84' lang='lat' dir='ltr'><strong>perque</strong></span> <span class='ocrx_word' id='word_1_5' title='bbox 448 298 628 346; x_wconf 91' lang='lat' dir='ltr'><strong>domos</strong></span> <span class='ocrx_word' id='word_1_6' title='bbox 667 295 798 344; x_wconf 90' lang='lat' dir='ltr'><strong>Ditis</strong></span> <span class='ocrx_word' id='word_1_7' title='bbox 834 310 1016 343; x_wconf 89' lang='lat' dir='ltr'><strong>vacuas</strong></span> <span class='ocrx_word' id='word_1_8' title='bbox 1054 302 1102 343; x_wconf 92' lang='lat' dir='ltr'><strong>et</strong></span> <span class='ocrx_word' id='word_1_9' title='bbox 1138 292 1305 342; x_wconf 88' lang='lat' dir='ltr'><strong>inania</strong></span> <span class='ocrx_word' id='word_1_10' title='bbox 1340 309 1518 357; x_wconf 89' lang='lat' dir='ltr'><strong>regna:</strong></span> 
     </span>
     <span class='ocr_line' id='line_1_3' title="bbox 223 374 1905 442; baseline -0.002 -15"><span class='ocrx_word' id='word_1_11' title='bbox 223 381 370 442; x_wconf 92' lang='lat' dir='ltr'><strong>quale</strong></span> <span class='ocrx_word' id='word_1_12' title='bbox 405 395 493 442; x_wconf 88' lang='lat' dir='ltr'><strong>per</strong></span> <span class='ocrx_word' id='word_1_13' title='bbox 529 377 769 426; x_wconf 80' lang='lat' dir='ltr'>incertam</span> <span class='ocrx_word' id='word_1_14' title='bbox 806 378 978 424; x_wconf 92' lang='lat' dir='ltr'><strong>lunam</strong></span> <span class='ocrx_word' id='word_1_15' title='bbox 1015 375 1110 424; x_wconf 92' lang='lat' dir='ltr'><strong>sub</strong></span> <span class='ocrx_word' id='word_1_16' title='bbox 1145 376 1256 423; x_wconf 89' lang='lat' dir='ltr'><strong>luce</strong></span> <span class='ocrx_word' id='word_1_17' title='bbox 1293 374 1508 438; x_wconf 88' lang='lat' dir='ltr'><strong>maligna</strong></span> <span class='ocrx_word' id='word_1_18' title='bbox 1825 389 1905 436; x_wconf 84' lang='lat'><strong>270</strong></span> 
     </span>
     <span class='ocr_line' id='line_1_4' title="bbox 224 456 1521 519; baseline -0.004 -10"><span class='ocrx_word' id='word_1_19' title='bbox 224 470 299 510; x_wconf 88' lang='lat' dir='ltr'><strong>est</strong></span> <span class='ocrx_word' id='word_1_20' title='bbox 334 460 424 509; x_wconf 92' lang='lat' dir='ltr'><strong>iter</strong></span> <span class='ocrx_word' id='word_1_21' title='bbox 460 460 511 508; x_wconf 91' lang='lat' dir='ltr'><strong>in</strong></span> <span class='ocrx_word' id='word_1_22' title='bbox 548 459 695 519; x_wconf 88' lang='lat' dir='ltr'><strong>silvis,</strong></span> <span class='ocrx_word' id='word_1_23' title='bbox 728 458 816 507; x_wconf 93' lang='lat' dir='ltr'><strong>ubi</strong></span> <span class='ocrx_word' id='word_1_24' title='bbox 851 459 1045 507; x_wconf 90' lang='lat' dir='ltr'><strong>caelum</strong></span> <span class='ocrx_word' id='word_1_25' title='bbox 1082 456 1309 506; x_wconf 88' lang='lat' dir='ltr'>condidit</span> <span class='ocrx_word' id='word_1_26' title='bbox 1345 457 1521 505; x_wconf 90' lang='lat' dir='ltr'><strong>umbra</strong></span> 
     </span>
     <span class='ocr_line' id='line_1_5' title="bbox 227 538 1511 605; baseline -0.003 -15"><span class='ocrx_word' id='word_1_27' title='bbox 227 541 462 605; x_wconf 88' lang='lat' dir='ltr'><strong>Iuppiter,</strong></span> <span class='ocrx_word' id='word_1_28' title='bbox 497 550 546 590; x_wconf 90' lang='lat' dir='ltr'><strong>et</strong></span> <span class='ocrx_word' id='word_1_29' title='bbox 582 541 729 589; x_wconf 88' lang='lat' dir='ltr'><strong>rebus</strong></span> <span class='ocrx_word' id='word_1_30' title='bbox 767 557 867 588; x_wconf 89' lang='lat' dir='ltr'><strong>nox</strong></span> <span class='ocrx_word' id='word_1_31' title='bbox 902 538 1105 587; x_wconf 91' lang='lat' dir='ltr'><strong>abstulit</strong></span> <span class='ocrx_word' id='word_1_32' title='bbox 1141 547 1245 586; x_wconf 89' lang='lat' dir='ltr'><strong>atra</strong></span> <span class='ocrx_word' id='word_1_33' title='bbox 1280 539 1511 586; x_wconf 81' lang='lat' dir='ltr'><strong>colorem.</strong></span> 
     </span>
     <span class='ocr_line' id='line_1_6' title="bbox 223 618 1594 685; baseline -0.004 -13"><span class='ocrx_word' id='word_1_34' title='bbox 223 623 525 672; x_wconf 89' lang='lat' dir='ltr'><strong>vestibulum</strong></span> <span class='ocrx_word' id='word_1_35' title='bbox 561 631 677 670; x_wconf 91' lang='lat' dir='ltr'><strong>ante</strong></span> <span class='ocrx_word' id='word_1_36' title='bbox 713 621 878 685; x_wconf 91' lang='lat' dir='ltr'><strong>ipsum</strong></span> <span class='ocrx_word' id='word_1_37' title='bbox 914 620 1085 684; x_wconf 87' lang='lat' dir='ltr'><strong>primis</strong></span> <span class='ocrx_word' id='word_1_38' title='bbox 1122 619 1173 668; x_wconf 92' lang='lat' dir='ltr'><strong>in</strong></span> <span class='ocrx_word' id='word_1_39' title='bbox 1210 619 1435 668; x_wconf 91' lang='lat' dir='ltr'><strong>faucibus</strong></span> <span class='ocrx_word' id='word_1_40' title='bbox 1474 618 1594 668; x_wconf 90' lang='lat' dir='ltr'><strong>Orci</strong></span> 
     </span>
     <span class='ocr_line' id='line_1_7' title="bbox 225 701 1432 766; baseline -0.004 -13"><span class='ocrx_word' id='word_1_41' title='bbox 225 707 412 753; x_wconf 88' lang='lat' dir='ltr'><strong>Luctus</strong></span> <span class='ocrx_word' id='word_1_42' title='bbox 450 713 498 752; x_wconf 88' lang='lat' dir='ltr'><strong>et</strong></span> <span class='ocrx_word' id='word_1_43' title='bbox 534 703 732 752; x_wconf 87' lang='lat' dir='ltr'><strong>ultrices</strong></span> <span class='ocrx_word' id='word_1_44' title='bbox 769 719 980 766; x_wconf 78' lang='lat' dir='ltr'>posuere</span> <span class='ocrx_word' id='word_1_45' title='bbox 1016 701 1200 750; x_wconf 91' lang='lat' dir='ltr'><strong>cubilia</strong></span> <span class='ocrx_word' id='word_1_46' title='bbox 1238 702 1400 751; x_wconf 91' lang='lat' dir='ltr'><strong>Curae</strong></span> <span class='ocrx_word' id='word_1_47' title='bbox 1418 718 1432 761; x_wconf 77' lang='lat'><em>3</em></span> 
     </span>
     <span class='ocr_line' id='line_1_8' title="bbox 223 782 1905 850; baseline -0.004 -15"><span class='ocrx_word' id='word_1_48' title='bbox 223 788 566 850; x_wconf 90' lang='lat' dir='ltr'><strong>pallentesque</strong></span> <span class='ocrx_word' id='word_1_49' title='bbox 602 785 829 834; x_wconf 90' lang='lat' dir='ltr'><strong>habitant</strong></span> <span class='ocrx_word' id='word_1_50' title='bbox 867 783 1036 833; x_wconf 88' lang='lat' dir='ltr'>Morbi</span> <span class='ocrx_word' id='word_1_51' title='bbox 1073 782 1321 846; x_wconf 91' lang='lat' dir='ltr'><strong>tristisque</strong></span> <span class='ocrx_word' id='word_1_52' title='bbox 1359 784 1613 843; x_wconf 81' lang='lat' dir='ltr'><strong>Senectus,</strong></span> <span class='ocrx_word' id='word_1_53' title='bbox 1826 800 1905 843; x_wconf 83' lang='lat'><strong>²75</strong></span> 
     </span>
     <span class='ocr_line' id='line_1_9' title="bbox 225 862 1653 926; baseline -0.002 -11"><span class='ocrx_word' id='word_1_54' title='bbox 225 876 273 915; x_wconf 90' lang='lat' dir='ltr'><strong>et</strong></span> <span class='ocrx_word' id='word_1_55' title='bbox 312 869 480 915; x_wconf 90' lang='lat' dir='ltr'><strong>Metus</strong></span> <span class='ocrx_word' id='word_1_56' title='bbox 518 876 566 915; x_wconf 91' lang='lat' dir='ltr'><strong>et</strong></span> <span class='ocrx_word' id='word_1_57' title='bbox 602 867 891 914; x_wconf 81' lang='lat' dir='ltr'><strong>malesuada</strong></span> <span class='ocrx_word' id='word_1_58' title='bbox 929 868 1106 913; x_wconf 88' lang='lat' dir='ltr'><strong>Fames</strong></span> <span class='ocrx_word' id='word_1_59' title='bbox 1143 880 1202 912; x_wconf 91' lang='lat' dir='ltr'><strong>ac</strong></span> <span class='ocrx_word' id='word_1_60' title='bbox 1238 863 1392 926; x_wconf 89' lang='lat' dir='ltr'><strong>turpis</strong></span> <span class='ocrx_word' id='word_1_61' title='bbox 1431 862 1653 926; x_wconf 86' lang='lat' dir='ltr'><strong>Egestas,</strong></span> 
     </span>
     <span class='ocr_line' id='line_1_10' title="bbox 224 945 1505 1008; baseline -0.003 -12"><span class='ocrx_word' id='word_1_62' title='bbox 224 947 462 996; x_wconf 88' lang='lat' dir='ltr'><strong>terribiles</strong></span> <span class='ocrx_word' id='word_1_63' title='bbox 499 947 607 996; x_wconf 86' lang='lat' dir='ltr'><strong>visu</strong></span> <span class='ocrx_word' id='word_1_64' title='bbox 644 949 846 1006; x_wconf 89' lang='lat' dir='ltr'><strong>formae,</strong></span> <span class='ocrx_word' id='word_1_65' title='bbox 888 948 1170 1008; x_wconf 88' lang='lat' dir='ltr'><strong>Letumque</strong></span> <span class='ocrx_word' id='word_1_66' title='bbox 1207 945 1475 1007; x_wconf 87' lang='lat' dir='ltr'><strong>Labosque</strong></span> <span class='ocrx_word' id='word_1_67' title='bbox 1491 963 1505 1006; x_wconf 82' lang='lat'><em>3</em></span> 
     </span>
     <span class='ocr_line' id='line_1_11' title="bbox 226 1024 1579 1091; baseline -0.003 -13"><span class='ocrx_word' id='word_1_68' title='bbox 226 1039 331 1078; x_wconf 89' lang='lat' dir='ltr'><strong>tum</strong></span> <span class='ocrx_word' id='word_1_69' title='bbox 369 1028 767 1091; x_wconf 90' lang='lat' dir='ltr'><strong>consanguineus</strong></span> <span class='ocrx_word' id='word_1_70' title='bbox 807 1026 917 1076; x_wconf 87' lang='lat' dir='ltr'><strong>Leti</strong></span> <span class='ocrx_word' id='word_1_71' title='bbox 953 1028 1113 1090; x_wconf 91' lang='lat' dir='ltr'><strong>Sopor</strong></span> <span class='ocrx_word' id='word_1_72' title='bbox 1149 1034 1198 1074; x_wconf 88' lang='lat' dir='ltr'><strong>et</strong></span> <span class='ocrx_word' id='word_1_73' title='bbox 1234 1027 1363 1073; x_wconf 90' lang='lat' dir='ltr'><strong>mala</strong></span> <span class='ocrx_word' id='word_1_74' title='bbox 1399 1024 1579 1074; x_wconf 90' lang='lat' dir='ltr'><strong>mentis</strong></span> 
     </span>
     <span class='ocr_line' id='line_1_12' title="bbox 226 1106 1668 1173; baseline -0.005 -13"><span class='ocrx_word' id='word_1_75' title='bbox 226 1111 435 1171; x_wconf 83' lang='lat' dir='ltr'><strong>Gaudia,</strong></span> <span class='ocrx_word' id='word_1_76' title='bbox 473 1110 880 1173; x_wconf 90' lang='lat' dir='ltr'><strong>mortiferumque</strong></span> <span class='ocrx_word' id='word_1_77' title='bbox 916 1110 1125 1157; x_wconf 89' lang='lat' dir='ltr'><strong>adverso</strong></span> <span class='ocrx_word' id='word_1_78' title='bbox 1162 1107 1213 1155; x_wconf 91' lang='lat' dir='ltr'><strong>in</strong></span> <span class='ocrx_word' id='word_1_79' title='bbox 1250 1106 1420 1154; x_wconf 90' lang='lat' dir='ltr'><strong>limine</strong></span> <span class='ocrx_word' id='word_1_80' title='bbox 1458 1108 1668 1166; x_wconf 87' lang='lat' dir='ltr'><strong>Bellum,</strong></span> 
     </span>
     <span class='ocr_line' id='line_1_13' title="bbox 224 1187 1908 1256; baseline -0.004 -14"><span class='ocrx_word' id='word_1_81' title='bbox 224 1193 465 1256; x_wconf 91' lang='lat' dir='ltr'><strong>ferreique</strong></span> <span class='ocrx_word' id='word_1_82' title='bbox 505 1191 846 1240; x_wconf 89' lang='lat' dir='ltr'><strong>Eumenidum</strong></span> <span class='ocrx_word' id='word_1_83' title='bbox 883 1189 1087 1238; x_wconf 89' lang='lat' dir='ltr'><strong>thalami</strong></span> <span class='ocrx_word' id='word_1_84' title='bbox 1125 1198 1173 1237; x_wconf 91' lang='lat' dir='ltr'><strong>et</strong></span> <span class='ocrx_word' id='word_1_85' title='bbox 1211 1187 1476 1237; x_wconf 86' lang='lat' dir='ltr'><strong>Discordia</strong></span> <span class='ocrx_word' id='word_1_86' title='bbox 1511 1189 1720 1237; x_wconf 90' lang='lat' dir='ltr'><strong>demens</strong></span> <span class='ocrx_word' id='word_1_87' title='bbox 1829 1198 1908 1237; x_wconf 88' lang='lat'><strong>280</strong></span> 
     </span>
     <span class='ocr_line' id='line_1_14' title="bbox 225 1269 1356 1337; baseline -0.005 -14"><span class='ocrx_word' id='word_1_88' title='bbox 225 1274 478 1337; x_wconf 89' lang='lat' dir='ltr'><strong>vipereum</strong></span> <span class='ocrx_word' id='word_1_89' title='bbox 518 1273 705 1322; x_wconf 89' lang='lat' dir='ltr'><strong>crinem</strong></span> <span class='ocrx_word' id='word_1_90' title='bbox 742 1271 874 1320; x_wconf 89' lang='lat' dir='ltr'><strong>vittis</strong></span> <span class='ocrx_word' id='word_1_91' title='bbox 911 1271 1092 1320; x_wconf 89' lang='lat' dir='ltr'><strong>innexa</strong></span> <span class='ocrx_word' id='word_1_92' title='bbox 1129 1269 1356 1318; x_wconf 90' lang='lat' dir='ltr'><strong>cruentis.</strong></span> 
     </span>
     <span class='ocr_line' id='line_1_15' title="bbox 235 1350 1570 1418; baseline -0.004 -13"><span class='ocrx_word' id='word_1_93' title='bbox 235 1414 240 1418; x_wconf 88' lang='lat'><strong>.</strong></span> <span class='ocrx_word' id='word_1_94' title='bbox 296 1358 357 1404; x_wconf 94' lang='lat' dir='ltr'><strong>In</strong></span> <span class='ocrx_word' id='word_1_95' title='bbox 395 1355 564 1404; x_wconf 92' lang='lat' dir='ltr'><strong>medio</strong></span> <span class='ocrx_word' id='word_1_96' title='bbox 600 1371 763 1403; x_wconf 91' lang='lat' dir='ltr'><strong>ramos</strong></span> <span class='ocrx_word' id='word_1_97' title='bbox 800 1370 1089 1416; x_wconf 90' lang='lat' dir='ltr'><strong>annosaque</strong></span> <span class='ocrx_word' id='word_1_98' title='bbox 1127 1350 1359 1400; x_wconf 89' lang='lat' dir='ltr'><strong>bracchia</strong></span> <span class='ocrx_word' id='word_1_99' title='bbox 1394 1351 1570 1414; x_wconf 91' lang='lat' dir='ltr'><strong>pandit</strong></span> 
     </span>
     <span class='ocr_line' id='line_1_16' title="bbox 226 1433 1646 1501; baseline -0.004 -14"><span class='ocrx_word' id='word_1_100' title='bbox 226 1441 389 1487; x_wconf 90' lang='lat' dir='ltr'><strong>ulmus</strong></span> <span class='ocrx_word' id='word_1_101' title='bbox 427 1455 598 1501; x_wconf 88' lang='lat' dir='ltr'><strong>opaca,</strong></span> <span class='ocrx_word' id='word_1_102' title='bbox 634 1437 823 1500; x_wconf 92' lang='lat' dir='ltr'><strong>ingens,</strong></span> <span class='ocrx_word' id='word_1_103' title='bbox 860 1452 1011 1498; x_wconf 92' lang='lat' dir='ltr'><strong>quam</strong></span> <span class='ocrx_word' id='word_1_104' title='bbox 1049 1436 1220 1483; x_wconf 90' lang='lat' dir='ltr'><strong>sedem</strong></span> <span class='ocrx_word' id='word_1_105' title='bbox 1259 1433 1464 1482; x_wconf 87' lang='lat' dir='ltr'><strong>Somnia</strong></span> <span class='ocrx_word' id='word_1_106' title='bbox 1498 1435 1646 1496; x_wconf 91' lang='lat' dir='ltr'><strong>vulgo</strong></span> 
     </span>
     <span class='ocr_line' id='line_1_17' title="bbox 226 1515 1692 1579; baseline -0.003 -11"><span class='ocrx_word' id='word_1_107' title='bbox 226 1537 353 1568; x_wconf 89' lang='lat' dir='ltr'><strong>vana</strong></span> <span class='ocrx_word' id='word_1_108' title='bbox 389 1528 557 1568; x_wconf 89' lang='lat' dir='ltr'><strong>tenere</strong></span> <span class='ocrx_word' id='word_1_109' title='bbox 593 1520 771 1577; x_wconf 89' lang='lat' dir='ltr'><strong>ferunt,</strong></span> <span class='ocrx_word' id='word_1_110' title='bbox 808 1516 1038 1579; x_wconf 86' lang='lat' dir='ltr'><strong>foliisque</strong></span> <span class='ocrx_word' id='word_1_111' title='bbox 1075 1516 1167 1564; x_wconf 93' lang='lat' dir='ltr'><strong>sub</strong></span> <span class='ocrx_word' id='word_1_112' title='bbox 1206 1515 1439 1563; x_wconf 90' lang='lat' dir='ltr'><strong>omnibus</strong></span> <span class='ocrx_word' id='word_1_113' title='bbox 1476 1517 1692 1564; x_wconf 88' lang='lat' dir='ltr'><strong>haerent.</strong></span> 
     </span>
     <span class='ocr_line' id='line_1_18' title="bbox 227 1597 1906 1665; baseline -0.003 -15"><span class='ocrx_word' id='word_1_114' title='bbox 227 1604 482 1665; x_wconf 89' lang='lat' dir='ltr'><strong>multaque</strong></span> <span class='ocrx_word' id='word_1_115' title='bbox 519 1608 772 1664; x_wconf 90' lang='lat' dir='ltr'><strong>praeterea</strong></span> <span class='ocrx_word' id='word_1_116' title='bbox 807 1597 1050 1646; x_wconf 89' lang='lat' dir='ltr'><strong>variarum</strong></span> <span class='ocrx_word' id='word_1_117' title='bbox 1089 1605 1309 1645; x_wconf 90' lang='lat' dir='ltr'><strong>monstra</strong></span> <span class='ocrx_word' id='word_1_118' title='bbox 1345 1598 1569 1656; x_wconf 90' lang='lat' dir='ltr'><strong>ferarum,</strong></span> <span class='ocrx_word' id='word_1_119' title='bbox 1829 1607 1906 1657; x_wconf 86' lang='lat'><strong>285</strong></span> 
     </span>
     <span class='ocr_line' id='line_1_19' title="bbox 229 1677 1665 1741; baseline -0.004 -8"><span class='ocrx_word' id='word_1_120' title='bbox 229 1682 465 1734; x_wconf 89' lang='lat' dir='ltr'><strong>Centauri</strong></span> <span class='ocrx_word' id='word_1_121' title='bbox 502 1682 552 1729; x_wconf 89' lang='lat' dir='ltr'><strong>in</strong></span> <span class='ocrx_word' id='word_1_122' title='bbox 590 1681 778 1730; x_wconf 92' lang='lat' dir='ltr'><strong>foribus</strong></span> <span class='ocrx_word' id='word_1_123' title='bbox 816 1680 1065 1728; x_wconf 91' lang='lat' dir='ltr'><strong>stabulant</strong></span> <span class='ocrx_word' id='word_1_124' title='bbox 1103 1680 1394 1741; x_wconf 88' lang='lat' dir='ltr'><strong>Scyllaeque</strong></span> <span class='ocrx_word' id='word_1_125' title='bbox 1429 1677 1665 1727; x_wconf 89' lang='lat' dir='ltr'><strong>biformes</strong></span> 
     </span>
     <span class='ocr_line' id='line_1_20' title="bbox 228 1758 1517 1827; baseline -0.005 -14"><span class='ocrx_word' id='word_1_126' title='bbox 228 1775 276 1813; x_wconf 89' lang='lat' dir='ltr'><strong>et</strong></span> <span class='ocrx_word' id='word_1_127' title='bbox 313 1758 744 1827; x_wconf 85' lang='lat' dir='ltr'><strong>centumgeminus</strong></span> <span class='ocrx_word' id='word_1_128' title='bbox 783 1761 1009 1810; x_wconf 92' lang='lat' dir='ltr'><strong>Briareus</strong></span> <span class='ocrx_word' id='word_1_129' title='bbox 1045 1777 1103 1809; x_wconf 92' lang='lat' dir='ltr'><strong>ac</strong></span> <span class='ocrx_word' id='word_1_130' title='bbox 1139 1761 1287 1809; x_wconf 92' lang='lat' dir='ltr'><strong>belua</strong></span> <span class='ocrx_word' id='word_1_131' title='bbox 1325 1762 1517 1808; x_wconf 89' lang='lat' dir='ltr'><strong>Lernae</strong></span> 
     </span>
     <span class='ocr_line' id='line_1_21' title="bbox 228 1841 1687 1905; baseline -0.003 -10"><span class='ocrx_word' id='word_1_132' title='bbox 228 1847 533 1895; x_wconf 91' lang='lat' dir='ltr'><strong>horrendum</strong></span> <span class='ocrx_word' id='word_1_133' title='bbox 572 1844 796 1904; x_wconf 89' lang='lat' dir='ltr'><strong>stridens,</strong></span> <span class='ocrx_word' id='word_1_134' title='bbox 834 1842 1149 1905; x_wconf 91' lang='lat' dir='ltr'><strong>flammisque</strong></span> <span class='ocrx_word' id='word_1_135' title='bbox 1185 1851 1372 1890; x_wconf 90' lang='lat' dir='ltr'><strong>armata</strong></span> <span class='ocrx_word' id='word_1_136' title='bbox 1410 1841 1687 1902; x_wconf 86' lang='lat' dir='ltr'><strong>Chimaera,</strong></span> 
     </span>
     <span class='ocr_line' id='line_1_22' title="bbox 230 1923 1734 1992; baseline -0.003 -15"><span class='ocrx_word' id='word_1_137' title='bbox 230 1928 488 1992; x_wconf 87' lang='lat' dir='ltr'><strong>Gorgones</strong></span> <span class='ocrx_word' id='word_1_138' title='bbox 529 1925 882 1989; x_wconf 86' lang='lat' dir='ltr'><strong>Harpyiaeque</strong></span> <span class='ocrx_word' id='word_1_139' title='bbox 920 1933 968 1972; x_wconf 90' lang='lat' dir='ltr'><strong>et</strong></span> <span class='ocrx_word' id='word_1_140' title='bbox 1005 1926 1162 1972; x_wconf 91' lang='lat' dir='ltr'><strong>forma</strong></span> <span class='ocrx_word' id='word_1_141' title='bbox 1199 1923 1480 1986; x_wconf 88' lang='lat' dir='ltr'><strong>tricorporis</strong></span> <span class='ocrx_word' id='word_1_142' title='bbox 1517 1924 1734 1972; x_wconf 88' lang='lat' dir='ltr'><strong>umbrae.</strong></span> 
     </span>
     <span class='ocr_line' id='line_1_23' title="bbox 230 2005 1912 2073; baseline -0.003 -15"><span class='ocrx_word' id='word_1_143' title='bbox 230 2010 427 2073; x_wconf 91' lang='lat' dir='ltr'><strong>corripit</strong></span> <span class='ocrx_word' id='word_1_144' title='bbox 464 2009 546 2058; x_wconf 92' lang='lat' dir='ltr'><strong>hic</strong></span> <span class='ocrx_word' id='word_1_145' title='bbox 584 2007 747 2057; x_wconf 91' lang='lat' dir='ltr'><strong>subita</strong></span> <span class='ocrx_word' id='word_1_146' title='bbox 784 2006 1005 2069; x_wconf 90' lang='lat' dir='ltr'><strong>trepidus</strong></span> <span class='ocrx_word' id='word_1_147' title='bbox 1042 2005 1307 2054; x_wconf 90' lang='lat' dir='ltr'><strong>formidine</strong></span> <span class='ocrx_word' id='word_1_148' title='bbox 1345 2007 1526 2053; x_wconf 90' lang='lat' dir='ltr'><strong>ferrum</strong></span> <span class='ocrx_word' id='word_1_149' title='bbox 1831 2024 1912 2069; x_wconf 85' lang='lat'><strong>290</strong></span> 
     </span>
     <span class='ocr_line' id='line_1_24' title="bbox 229 2086 1524 2152; baseline -0.005 -12"><span class='ocrx_word' id='word_1_150' title='bbox 229 2095 426 2140; x_wconf 90' lang='lat' dir='ltr'><strong>Aeneas</strong></span> <span class='ocrx_word' id='word_1_151' title='bbox 464 2090 784 2152; x_wconf 90' lang='lat' dir='ltr'><strong>strictamque</strong></span> <span class='ocrx_word' id='word_1_152' title='bbox 822 2087 981 2136; x_wconf 87' lang='lat' dir='ltr'><strong>aciem</strong></span> <span class='ocrx_word' id='word_1_153' title='bbox 1018 2086 1332 2135; x_wconf 90' lang='lat' dir='ltr'><strong>venientibus</strong></span> <span class='ocrx_word' id='word_1_154' title='bbox 1370 2087 1524 2146; x_wconf 85' lang='lat' dir='ltr'><strong>offert,</strong></span> 
     </span>
     <span class='ocr_line' id='line_1_25' title="bbox 230 2167 1505 2230; baseline -0.005 -9"><span class='ocrx_word' id='word_1_155' title='bbox 230 2182 278 2221; x_wconf 90' lang='lat' dir='ltr'><strong>et</strong></span> <span class='ocrx_word' id='word_1_156' title='bbox 315 2172 367 2220; x_wconf 89' lang='lat' dir='ltr'><strong>ni</strong></span> <span class='ocrx_word' id='word_1_157' title='bbox 403 2173 552 2220; x_wconf 91' lang='lat' dir='ltr'><strong>docta</strong></span> <span class='ocrx_word' id='word_1_158' title='bbox 588 2187 756 2219; x_wconf 90' lang='lat' dir='ltr'><strong>comes</strong></span> <span class='ocrx_word' id='word_1_159' title='bbox 794 2168 956 2218; x_wconf 91' lang='lat' dir='ltr'><strong>tenuis</strong></span> <span class='ocrx_word' id='word_1_160' title='bbox 995 2168 1101 2217; x_wconf 93' lang='lat' dir='ltr'><strong>sine</strong></span> <span class='ocrx_word' id='word_1_161' title='bbox 1139 2184 1346 2230; x_wconf 91' lang='lat' dir='ltr'><strong>corpore</strong></span> <span class='ocrx_word' id='word_1_162' title='bbox 1382 2167 1505 2216; x_wconf 90' lang='lat' dir='ltr'><strong>vitas</strong></span> 
     </span>
     <span class='ocr_line' id='line_1_26' title="bbox 230 2250 1519 2314; baseline -0.004 -11"><span class='ocrx_word' id='word_1_163' title='bbox 230 2257 500 2303; x_wconf 90' lang='lat' dir='ltr'><strong>admoneat</strong></span> <span class='ocrx_word' id='word_1_164' title='bbox 535 2253 739 2302; x_wconf 89' lang='lat' dir='ltr'><strong>volitare</strong></span> <span class='ocrx_word' id='word_1_165' title='bbox 776 2269 896 2301; x_wconf 90' lang='lat' dir='ltr'><strong>cava</strong></span> <span class='ocrx_word' id='word_1_166' title='bbox 934 2252 1027 2300; x_wconf 92' lang='lat' dir='ltr'><strong>sub</strong></span> <span class='ocrx_word' id='word_1_167' title='bbox 1067 2250 1281 2314; x_wconf 90' lang='lat' dir='ltr'><strong>imagine</strong></span> <span class='ocrx_word' id='word_1_168' title='bbox 1318 2253 1519 2311; x_wconf 91' lang='lat' dir='ltr'><strong>formae,</strong></span> 
     </span>
     <span class='ocr_line' id='line_1_27' title="bbox 230 2333 1417 2384; baseline -0.003 0"><span class='ocrx_word' id='word_1_169' title='bbox 230 2336 391 2384; x_wconf 89' lang='lat' dir='ltr'><strong>inruat</strong></span> <span class='ocrx_word' id='word_1_170' title='bbox 428 2345 476 2384; x_wconf 90' lang='lat' dir='ltr'><strong>et</strong></span> <span class='ocrx_word' id='word_1_171' title='bbox 512 2337 688 2384; x_wconf 90' lang='lat' dir='ltr'><strong>frustra</strong></span> <span class='ocrx_word' id='word_1_172' title='bbox 723 2336 850 2383; x_wconf 90' lang='lat' dir='ltr'><strong>ferro</strong></span> <span class='ocrx_word' id='word_1_173' title='bbox 889 2333 1166 2383; x_wconf 91' lang='lat' dir='ltr'><strong>diverberet</strong></span> <span class='ocrx_word' id='word_1_174' title='bbox 1204 2333 1417 2382; x_wconf 91' lang='lat' dir='ltr'><strong>umbras.</strong></span> 
     </span>
    </p>

    <p class='ocr_par' dir='ltr' id='par_1_3' title="bbox 232 2412 1910 2811">
     <span class='ocr_line' id='line_1_28' title="bbox 302 2412 1910 2480; baseline -0.002 -14"><span class='ocrx_word' id='word_1_175' title='bbox 302 2418 440 2466; x_wconf 91' lang='lat' dir='ltr'><strong>Hinc</strong></span> <span class='ocrx_word' id='word_1_176' title='bbox 475 2417 554 2466; x_wconf 91' lang='lat' dir='ltr'><strong>via</strong></span> <span class='ocrx_word' id='word_1_177' title='bbox 589 2417 811 2466; x_wconf 91' lang='lat' dir='ltr'><strong>Tartarei</strong></span> <span class='ocrx_word' id='word_1_178' title='bbox 849 2434 977 2480; x_wconf 91' lang='lat' dir='ltr'><strong>quae</strong></span> <span class='ocrx_word' id='word_1_179' title='bbox 1015 2419 1106 2465; x_wconf 89' lang='lat' dir='ltr'><strong>fert</strong></span> <span class='ocrx_word' id='word_1_180' title='bbox 1142 2415 1440 2465; x_wconf 90' lang='lat' dir='ltr'><strong>Acherontis</strong></span> <span class='ocrx_word' id='word_1_181' title='bbox 1477 2417 1542 2465; x_wconf 90' lang='lat' dir='ltr'><strong>ad</strong></span> <span class='ocrx_word' id='word_1_182' title='bbox 1578 2412 1773 2464; x_wconf 75' lang='lat' dir='ltr'><strong>undas.¹</strong></span> <span class='ocrx_word' id='word_1_183' title='bbox 1830 2433 1910 2476; x_wconf 84' lang='lat'><strong>²95</strong></span> 
     </span>
     <span class='ocr_line' id='line_1_29' title="bbox 232 2498 1525 2563; baseline -0.002 -13"><span class='ocrx_word' id='word_1_184' title='bbox 232 2501 459 2550; x_wconf 92' lang='lat' dir='ltr'><strong>turbidus</strong></span> <span class='ocrx_word' id='word_1_185' title='bbox 496 2500 578 2550; x_wconf 89' lang='lat' dir='ltr'><strong>hic</strong></span> <span class='ocrx_word' id='word_1_186' title='bbox 615 2517 771 2549; x_wconf 89' lang='lat' dir='ltr'><strong>caeno</strong></span> <span class='ocrx_word' id='word_1_187' title='bbox 810 2509 1047 2563; x_wconf 90' lang='lat' dir='ltr'><strong>vastaque</strong></span> <span class='ocrx_word' id='word_1_188' title='bbox 1083 2498 1315 2563; x_wconf 90' lang='lat' dir='ltr'><strong>voragine</strong></span> <span class='ocrx_word' id='word_1_189' title='bbox 1350 2515 1525 2562; x_wconf 91' lang='lat' dir='ltr'><strong>gurges</strong></span> 
     </span>
     <span class='ocr_line' id='line_1_30' title="bbox 232 2581 1593 2645; baseline -0.004 -13"><span class='ocrx_word' id='word_1_190' title='bbox 232 2592 423 2632; x_wconf 86' lang='lat' dir='ltr'><strong>aestuat</strong></span> <span class='ocrx_word' id='word_1_191' title='bbox 459 2592 609 2645; x_wconf 90' lang='lat' dir='ltr'><strong>atque</strong></span> <span class='ocrx_word' id='word_1_192' title='bbox 646 2600 849 2632; x_wconf 89' lang='lat' dir='ltr'><strong>omnem</strong></span> <span class='ocrx_word' id='word_1_193' title='bbox 890 2583 1082 2644; x_wconf 92' lang='lat' dir='ltr'><strong>Cocyto</strong></span> <span class='ocrx_word' id='word_1_194' title='bbox 1121 2589 1309 2628; x_wconf 89' lang='lat' dir='ltr'><strong>eructat</strong></span> <span class='ocrx_word' id='word_1_195' title='bbox 1344 2581 1593 2628; x_wconf 89' lang='lat' dir='ltr'><strong>harenam.</strong></span> 
     </span>
     <span class='ocr_line' id='line_1_31' title="bbox 234 2661 1593 2729; baseline -0.004 -15"><span class='ocrx_word' id='word_1_196' title='bbox 234 2665 441 2729; x_wconf 89' lang='lat' dir='ltr'><strong>portitor</strong></span> <span class='ocrx_word' id='word_1_197' title='bbox 477 2667 565 2714; x_wconf 90' lang='lat' dir='ltr'><strong>has</strong></span> <span class='ocrx_word' id='word_1_198' title='bbox 603 2667 880 2714; x_wconf 90' lang='lat' dir='ltr'><strong>horrendus</strong></span> <span class='ocrx_word' id='word_1_199' title='bbox 918 2680 1072 2726; x_wconf 89' lang='lat' dir='ltr'><strong>aquas</strong></span> <span class='ocrx_word' id='word_1_200' title='bbox 1109 2671 1158 2711; x_wconf 90' lang='lat' dir='ltr'><strong>et</strong></span> <span class='ocrx_word' id='word_1_201' title='bbox 1194 2661 1399 2710; x_wconf 91' lang='lat' dir='ltr'><strong>flumina</strong></span> <span class='ocrx_word' id='word_1_202' title='bbox 1435 2669 1593 2710; x_wconf 89' lang='lat' dir='ltr'><strong>servat</strong></span> 
     </span>
     <span class='ocr_line' id='line_1_32' title="bbox 235 2742 1526 2811; baseline -0.006 -14"><span class='ocrx_word' id='word_1_203' title='bbox 235 2748 438 2797; x_wconf 89' lang='lat' dir='ltr'><strong>terribili</strong></span> <span class='ocrx_word' id='word_1_204' title='bbox 475 2749 703 2811; x_wconf 90' lang='lat' dir='ltr'><strong>squalore</strong></span> <span class='ocrx_word' id='word_1_205' title='bbox 743 2747 957 2804; x_wconf 90' lang='lat' dir='ltr'><strong>Charon,</strong></span> <span class='ocrx_word' id='word_1_206' title='bbox 993 2743 1073 2793; x_wconf 93' lang='lat' dir='ltr'><strong>cui</strong></span> <span class='ocrx_word' id='word_1_207' title='bbox 1109 2742 1320 2806; x_wconf 90' lang='lat' dir='ltr'><strong>plurima</strong></span> <span class='ocrx_word' id='word_1_208' title='bbox 1357 2750 1526 2790; x_wconf 88' lang='lat' dir='ltr'><strong>mento</strong></span> 
     </span>
    </p>

    <p class='ocr_par' dir='ltr' id='par_1_4' title="bbox 237 2868 1916 2983">
     <span class='ocr_line' id='line_1_33' title="bbox 292 2868 1914 2930; baseline -0.008 -11"><span class='ocrx_word' id='word_1_209' title='bbox 292 2874 483 2930; x_wconf 84' lang='lat'><strong>269-272</strong></span> <span class='ocrx_word' id='word_1_210' title='bbox 505 2877 701 2927; x_wconf 79' lang='lat' dir='ltr'><em>FMPR3</em></span> <span class='ocrx_word' id='word_1_211' title='bbox 732 2889 925 2927; x_wconf 87' lang='lat'><strong>273—299</strong></span> <span class='ocrx_word' id='word_1_212' title='bbox 946 2874 1077 2913; x_wconf 86' lang='lat' dir='ltr'><strong>MPR</strong></span> <span class='ocrx_word' id='word_1_213' title='bbox 1313 2885 1394 2922; x_wconf 89' lang='lat'><strong>270</strong></span> <span class='ocrx_word' id='word_1_214' title='bbox 1424 2872 1633 2910; x_wconf 86' lang='lat' dir='ltr'><strong>incertum</strong></span> <span class='ocrx_word' id='word_1_215' title='bbox 1653 2868 1705 2907; x_wconf 80' lang='lat' dir='ltr'><strong>F1</strong></span> <span class='ocrx_word' id='word_1_216' title='bbox 1726 2881 1735 2907; x_wconf 93' lang='lat'><strong>:</strong></span> <span class='ocrx_word' id='word_1_217' title='bbox 1765 2868 1914 2919; x_wconf 87' lang='lat' dir='ltr'><strong>incep-</strong></span> 
     </span>
     <span class='ocr_line' id='line_1_34' title="bbox 237 2921 1916 2983; baseline -0.009 -8"><span class='ocrx_word' id='word_1_218' title='bbox 237 2941 319 2975; x_wconf 92' lang='lat' dir='ltr'><strong>tam</strong></span> <span class='ocrx_word' id='word_1_219' title='bbox 340 2934 444 2973; x_wconf 73' lang='lat' dir='ltr'><strong>bc²⁷r²</strong></span> <span class='ocrx_word' id='word_1_220' title='bbox 473 2933 607 2983; x_wconf 85' lang='lat' dir='ltr'><strong>Serv.,</strong></span> <span class='ocrx_word' id='word_1_221' title='bbox 629 2934 703 2983; x_wconf 83' lang='lat' dir='ltr'><strong>qui</strong></span> <span class='ocrx_word' id='word_1_222' title='bbox 721 2936 859 2971; x_wconf 84' lang='lat' dir='ltr'><strong>tamen</strong></span> <span class='ocrx_word' id='word_1_223' title='bbox 880 2932 1086 2969; x_wconf 88' lang='lat' dir='ltr'><strong>incertam</strong></span> <span class='ocrx_word' id='word_1_224' title='bbox 1112 2927 1298 2979; x_wconf 81' lang='lat' dir='ltr'><strong>agnoscit</strong></span> <span class='ocrx_word' id='word_1_225' title='bbox 1406 2939 1487 2976; x_wconf 87' lang='lat'><strong>273</strong></span> <span class='ocrx_word' id='word_1_226' title='bbox 1517 2924 1749 2975; x_wconf 87' lang='lat' dir='ltr'><strong>primisque</strong></span> <span class='ocrx_word' id='word_1_227' title='bbox 1771 2921 1916 2961; x_wconf 73' lang='lat' dir='ltr'><em>MRbn</em></span> 
     </span>
    </p>
   </div>
   <div class='ocr_carea' id='block_1_3' title="bbox 238 2977 1916 3095">
    <p class='ocr_par' dir='ltr' id='par_1_5' title="bbox 238 2977 1916 3095">
     <span class='ocr_line' id='line_1_35' title="bbox 238 2977 1916 3031; baseline -0.007 -3"><span class='ocrx_word' id='word_1_228' title='bbox 238 2989 473 3028; x_wconf 82' lang='lat' dir='ltr'><strong>Macrobius</strong></span> <span class='ocrx_word' id='word_1_229' title='bbox 492 2988 549 3027; x_wconf 88' lang='lat' dir='ltr'><strong>A.</strong></span> <span class='ocrx_word' id='word_1_230' title='bbox 578 2987 731 3026; x_wconf 84' lang='lat' dir='ltr'><strong>Gellius</strong></span> <span class='ocrx_word' id='word_1_231' title='bbox 896 2987 974 3024; x_wconf 87' lang='lat'><strong>281</strong></span> <span class='ocrx_word' id='word_1_232' title='bbox 1007 2983 1152 3022; x_wconf 86' lang='lat' dir='ltr'><strong>innixa</strong></span> <span class='ocrx_word' id='word_1_233' title='bbox 1172 2981 1258 3021; x_wconf 84' lang='lat' dir='ltr'><strong>Rbl</strong></span> <span class='ocrx_word' id='word_1_234' title='bbox 1423 2993 1503 3031; x_wconf 89' lang='lat'><strong>293</strong></span> <span class='ocrx_word' id='word_1_235' title='bbox 1534 2991 1662 3018; x_wconf 87' lang='lat' dir='ltr'><strong>cavae</strong></span> <span class='ocrx_word' id='word_1_236' title='bbox 1685 2992 1728 3018; x_wconf 89' lang='lat' dir='ltr'><strong>m</strong></span> <span class='ocrx_word' id='word_1_237' title='bbox 1749 2977 1916 3027; x_wconf 83' lang='lat' dir='ltr'><strong>Bentley</strong></span> 
     </span>
     <span class='ocr_line' id='line_1_36' title="bbox 239 3039 877 3095; baseline -0.008 -13"><span class='ocrx_word' id='word_1_238' title='bbox 239 3056 320 3095; x_wconf 78' lang='lat'><strong>294</strong></span> <span class='ocrx_word' id='word_1_239' title='bbox 352 3042 541 3094; x_wconf 87' lang='lat' dir='ltr'><strong>umbras]</strong></span> <span class='ocrx_word' id='word_1_240' title='bbox 564 3054 691 3080; x_wconf 85' lang='lat' dir='ltr'><strong>auras</strong></span> <span class='ocrx_word' id='word_1_241' title='bbox 710 3039 877 3089; x_wconf 84' lang='lat' dir='ltr'><strong>Bentley</strong></span> 
     </span>
    </p>
   </div>
  </div>
 </body>
</html>
