2014 3372
229 126 283 174 P.
322 128 621 177 VERGILI
655 130 985 179 MARONIS

229 276 278 316 at
313 285 429 317 vero
465 278 520 318 ut
554 272 746 318 vultum
781 270 904 320 vidit
939 270 1194 321 morientis
1232 279 1280 321 et
1315 289 1412 332 ora,

227 366 314 398 ora
349 350 513 399 modis
548 351 880 401 Anchisiades
915 352 1153 416 pallentia
1188 352 1336 413 miris,

226 431 469 495 ingemuit
504 432 742 482 miserans
777 433 987 497 graviter
1022 435 1346 497 dextramque
1382 434 1606 494 tetendit,

227 522 278 562 et
314 523 535 563 mentem
570 514 758 576 patriae
794 515 945 564 subiit
981 515 1176 579 pietatis
1213 515 1391 579 imago.

230 595 382 659 ‘quid
417 596 509 645 tibi
543 613 693 656 nune,
732 597 1012 646 miserande
1048 614 1182 661 puer,
1221 614 1311 661 pro
1347 597 1579 647 laudibus
1615 597 1734 657 istis,
1823 608 1904 659 8²5

226 677 349 742 quid
385 678 496 742 pius
532 682 731 728 Aeneas
768 689 906 729 tanta
942 681 1081 730 dabit
1116 681 1286 730 indole
1323 681 1566 744 dignum?

225 777 374 820 arma,
415 761 596 824 quibus
633 763 856 822 laetatus,
895 763 1026 811 habe
1062 771 1146 811 tua
1162 781 1176 824 3
1218 771 1367 826 teque
1402 771 1665 827 parentum

227 840 458 889 manibus
495 850 546 890 et
580 841 745 901 cineri,
787 842 827 890 si
864 859 963 906 qua
999 851 1073 891 est
1109 859 1168 891 ea
1203 859 1332 902 cura,
1372 842 1583 892 remitto.

224 923 323 972 hoc
360 932 529 972 tamen
564 923 734 973 infelix
769 924 1001 974 miseram
1038 925 1263 974 solabere
1299 934 1541 974 mortem:

225 1007 428 1055 Aeneae
465 1005 632 1069 magni
668 1007 839 1055 dextra
875 1006 1041 1054 cadis.'
1113 1005 1334 1068 increpat
1370 1007 1499 1054 ultro
1824 1014 1909 1063 8'30

226 1086 506 1135 cunctantis
543 1086 706 1136 socios
744 1097 793 1137 et
829 1096 956 1137 terra
992 1088 1218 1136 sublevat
1242 1087 1405 1150 ipsum

226 1167 465 1231 sanguine
501 1177 785 1231 turpantem
821 1178 1051 1231 comptos
1089 1170 1153 1217 de
1192 1185 1329 1216 more
1366 1167 1584 1230 capillos.

296 1251 492 1298 Interea
526 1249 719 1313 genitor
754 1249 979 1299 Tiberini
1014 1251 1079 1299 ad
1116 1248 1333 1297 fluminis
1370 1250 1559 1297 undam

225 1332 428 1380 vulnera
464 1330 682 1380 siccabat
718 1331 932 1395 lymphis
970 1348 1250 1394 corpusque
1286 1331 1482 1380 levabat

225 1411 412 1461 arboris
447 1411 650 1461 acclinis
687 1421 876 1462 trunco.
953 1414 1127 1476 procul
1162 1429 1306 1461 aerea
1340 1411 1487 1460 ramis
1824 1421 1906 1472 8²5

225 1494 477 1556 dependet
512 1495 651 1556 galea
687 1502 737 1542 et
771 1502 913 1556 prato
950 1492 1115 1556 gravia
1150 1509 1286 1541 arma
1323 1492 1597 1555 quiescunt.

226 1583 357 1623 stant
393 1574 508 1623 lecti
545 1574 731 1623 circum
768 1574 971 1623 iuvenes
989 1593 1003 1635 3
1052 1573 1158 1637 ipse
1194 1591 1338 1636 aeger
1373 1575 1613 1622 anhelans

226 1657 354 1704 colla
388 1657 522 1704 fovet
557 1657 694 1704 fusus
730 1672 1001 1719 propexam
1037 1655 1089 1702 in
1126 1664 1325 1718 pectore
1361 1655 1567 1703 barbam
1585 1672 1600 1714 3

226 1739 381 1785 multa
416 1754 563 1800 super
599 1739 765 1787 Lauso
802 1737 990 1801 rogitat,
1033 1738 1346 1800 multumque
1382 1735 1586 1785 remittit

226 1818 311 1881 qui
346 1827 579 1867 revocent
615 1818 891 1882 maestique
929 1820 1087 1867 ferant
1126 1820 1360 1867 mandata
1395 1817 1625 1881 parentis.
1825 1826 1906 1878 840

224 1907 274 1947 at
311 1901 530 1948 Lausum
567 1899 689 1948 socii
727 1899 1005 1948 exanimem
1044 1916 1190 1962 super
1225 1916 1362 1947 arma
1396 1899 1620 1947 ferebant

226 1982 412 2039 flentes,
454 1980 706 2044 ingentem
744 1990 894 2044 atque
931 1980 1120 2044 ingenti
1157 1982 1359 2029 vulnere
1394 1979 1594 2028 victum.

225 2061 424 2125 agnovit
460 2064 606 2125 longe
642 2062 881 2126 gemitum
918 2078 1152 2125 praesaga
1188 2060 1305 2109 mali
1340 2077 1493 2109 mens.

226 2142 457 2192 canitiem
494 2145 652 2192 multo
688 2146 933 2193 deformat
969 2146 1170 2206 pulvere
1206 2152 1255 2192 et
1290 2143 1461 2191 ambas

225 2226 290 2274 ad
326 2227 519 2274 caelum
555 2225 715 2275 tendit
751 2228 941 2289 palmas
980 2235 1029 2274 et
1067 2243 1273 2289 corpore
1310 2225 1543 2274 inhaeret.
1823 2234 1902 2285 845

231 2311 456 2355 ‘tantane
493 2324 574 2356 me
610 2307 769 2356 tenuit
805 2307 1016 2367 vivendi,
1059 2316 1186 2366 nate,
1226 2309 1465 2370 voluptas,

226 2396 281 2436 ut
315 2404 404 2451 pro
441 2405 521 2436 me
557 2388 725 2437 hostili
760 2398 951 2452 paterer
989 2391 1255 2438 succedere
1292 2390 1503 2448 dextrae,

228 2485 377 2532 quem
413 2469 599 2533 genui?
646 2479 796 2519 tuane
833 2473 957 2519 haec
993 2470 1186 2534 genitor
1221 2487 1308 2533 per
1342 2472 1546 2518 vulnera
1581 2485 1745 2518 servor

227 2560 384 2600 morte
420 2560 504 2600 tua
539 2552 746 2601 vivens?
794 2555 906 2613 heu,
947 2570 1082 2601 nunc
1119 2552 1299 2602 misero
1335 2552 1458 2600 mihi
1493 2553 1699 2601 demum

227 2630 428 2680 exitium
465 2632 645 2693 infelix,
686 2651 821 2682 nunc
857 2635 955 2682 alte
993 2635 1171 2682 vulnus
1208 2635 1473 2682 adactum!
1820 2640 1902 2690 850

227 2711 360 2760 idem
398 2730 501 2776 ego,
543 2724 669 2774 nate,
712 2724 854 2763 tuum
891 2714 1133 2762 maculavi
1170 2714 1375 2763 crimine
1411 2730 1609 2773 nomen,

281 2844 474 2893 821-851.
491 2844 623 2883 MPR
806 2846 887 2893 824
917 2844 1064 2892 subiit]
1088 2844 1262 2884 strinxit
1282 2842 1336 2882 M
1348 2857 1368 2882 e
1388 2844 1443 2884 ix.
1469 2857 1550 2893 294
1679 2841 1759 2890 834
1789 2840 1898 2879 lava·

226 2898 298 2936 bat
317 2898 478 2936 MPRn·
643 2900 724 2949 838
754 2904 930 2948 pectora
947 2898 1150 2950 Madvig:
1179 2911 1360 2949 corpore
1379 2898 1448 2949 1³7
1587 2897 1668 2946 839
1698 2893 1896 2946 multum]

227 2953 402 2992 multom
433 2953 487 2992 Ρ1
508 2968 517 2992 :
548 2954 704 2992 multos
724 2953 830 3004 7²bc²
1034 2954 1115 3003 844
1146 2952 1299 3004 multo]
1319 2953 1523 2991 inmundo
1544 2949 1597 2989 M
1598 2950 1612 2972 ²
1817 2950 1911 3001 859·

228 3006 399 3045 exilium
418 3006 543 3058 7¹a¹c²
561 3007 675 3047 Serv.
