2020 3372
181 137 232 184 P.
274 138 572 187 VERGILI
613 139 938 189 MARONIS

281 277 353 327 sic
390 278 595 328 canibus
633 281 822 329 catulos
859 280 1044 340 similis,
1084 280 1155 330 sic
1191 281 1428 331 matribus
1465 283 1653 333 haedos

280 377 468 420 noram,
508 360 579 409 sic
613 361 774 424 parvis
812 377 1112 424 componere
1148 379 1328 425 magna
1364 364 1598 413 solebam.

279 459 451 491 verum
487 444 612 491 haec
648 452 841 491 tantum
877 443 997 492 alias
1034 443 1160 493 inter
1197 454 1344 507 caput
1381 445 1552 494 extulit
1587 446 1734 496 urbes

281 533 525 587 quantum
560 525 694 573 lenta
730 526 890 573 solent
927 524 1053 573 inter
1087 525 1296 574 viburna
1333 526 1561 589 cupressi.
1805 547 1853 588 25

192 609 252 651 M.
279 608 344 654 Et
382 622 510 668 quae
546 614 683 654 tanta
718 605 808 654 fuit
846 607 1064 654 Romam
1101 605 1191 654 tibi
1229 623 1376 655 causa
1411 606 1651 657 videndi?

183 693 227 733 T.
279 687 517 746 Libertas,
558 703 685 750 quae
722 703 828 735 sera
864 695 1032 736 tamen
1068 686 1279 750 respexit
1315 686 1536 749 inertem,

280 767 539 817 candidior
573 776 841 831 postquam
866 767 1095 817 tondenti
1131 768 1286 817 barba
1321 769 1545 830 cadebat,

277 849 489 912 respexit
524 858 693 898 tamen
729 858 777 898 et
813 851 963 913 longo
998 859 1112 912 post
1148 859 1371 913 ternpore
1405 850 1553 910 venit,

277 939 545 993 postquam
581 947 673 979 nos
711 930 973 993 Amaryllis
1010 930 1174 991 habet,
1216 932 1423 980 Galatea
1457 931 1664 995 reliquit.
1803 952 1855 992 30

278 1029 509 1075 namque,
548 1012 741 1061 fatebor
777 1011 924 1072 enim,
964 1013 1084 1061 dum
1123 1029 1203 1062 me
1242 1015 1448 1062 Galatea
1483 1014 1697 1075 tenebat,

278 1109 372 1142 nec
409 1110 521 1156 spes
558 1092 795 1142 libertatis
833 1102 934 1142 erat
970 1110 1064 1143 nec
1101 1111 1217 1142 cura
1252 1095 1428 1158 peculi.

278 1173 504 1237 quamvis
542 1176 698 1223 multa
735 1174 857 1224 meis
895 1174 1047 1224 exiret
1083 1175 1284 1225 victima
1321 1176 1517 1239 saeptis,

276 1258 472 1322 pinguis
511 1267 560 1307 et
595 1258 815 1322 ingratae
851 1266 1156 1322 premeretur
1193 1274 1366 1306 caseus
1404 1258 1528 1318 urbi,
1800 1279 1852 1321 34

277 1357 380 1389 non
417 1358 657 1404 umquam
693 1341 851 1404 gravis
887 1358 1000 1390 aere
1037 1342 1246 1389 domum
1284 1339 1406 1388 mihi
1439 1341 1609 1389 dextra
1641 1341 1847 1392 redibat.

172 1427 231 1468 M.
279 1421 499 1470 Mirabar
535 1421 658 1484 quid
694 1431 883 1471 maesta
919 1423 1057 1482 deOS,
1098 1421 1350 1484 Amarylli,
1389 1438 1604 1482 vocares,

279 1503 359 1552 cui
395 1506 615 1567 pendere
651 1520 740 1552 sua
775 1503 1009 1567 patereris
1046 1502 1098 1551 in
1134 1503 1310 1551 arbore
1345 1519 1527 1565 poma;

279 1585 478 1648 Tityrus
515 1585 633 1633 hinc
670 1586 851 1634 aberat.
928 1585 1065 1648 ipsae
1102 1593 1164 1644 te,
1204 1584 1386 1647 Tityre,
1425 1583 1587 1647 pinus,

275 1666 369 1729 ipsi
406 1675 454 1715 te
491 1669 666 1727 fontes,
707 1666 815 1730 ipsa
851 1668 975 1716 haec
1011 1666 1212 1715 arbusta
1247 1665 1506 1715 vocabant.

181 1754 223 1794 T.
280 1747 418 1809 Quid
454 1750 706 1797 facerem?
754 1765 919 1811 neque
956 1748 1153 1797 servitio
1191 1764 1272 1796 me
1309 1747 1439 1796 exire
1475 1746 1658 1796 licebat
1795 1767 1852 1808 40

276 1846 370 1878 nec
408 1840 509 1878 tam
545 1830 817 1893 praesentis
854 1829 971 1878 alibi
1010 1846 1312 1893 cognoscere
1349 1829 1504 1877 divos.

276 1910 358 1959 hic
395 1911 535 1960 illum
571 1911 673 1960 vidi
710 1911 954 1972 iuvenem,
998 1911 1267 1971 Meliboee,
1307 1909 1574 1974 quotannis

276 1992 352 2041 bis
390 2010 537 2042 senos
574 1993 655 2041 cui
691 2003 859 2042 nostra
896 1993 1002 2042 dies
1039 1992 1209 2041 altaria
1244 1994 1450 2040 fumant.

275 2074 357 2122 hic
394 2075 517 2123 mihi
553 2092 848 2138 responsum
885 2075 1072 2138 primus
1110 2074 1250 2123 dedit
1285 2074 1366 2122 ille
1402 2072 1624 2136 petenti:

277 2156 497 2218 ‘pascite
534 2166 588 2204 ut
623 2166 740 2205 ante
777 2157 946 2216 boves,
986 2155 1126 2218 pueri
1143 2174 1156 2216 ,·
1195 2154 1488 2203 summittite
1525 2154 1723 2203 tauros.'
1793 2174 1846 2214 45

171 2246 230 2286 M.
277 2241 547 2288 Fortunate
585 2256 747 2299 senex,
789 2256 904 2302 ergo
941 2247 1026 2287 tua
1061 2255 1172 2286 rura
1208 2237 1496 2285 manebunt.

275 2331 323 2369 et
361 2321 452 2370 tibi
490 2339 669 2385 magna
704 2320 833 2380 satis,
875 2319 1100 2383 quamvis
1137 2318 1260 2382 lapis
1298 2318 1467 2367 omnia
1503 2319 1668 2368 nudus

273 2402 554 2466 limosoque
590 2405 732 2466 palus
770 2403 990 2451 obducat
1026 2418 1212 2464 pascua
1247 2400 1427 2449 iunco:

274 2502 377 2533 non
414 2485 609 2533 insueta
644 2483 802 2547 gravis
840 2483 1156 2546 temptabunt
1192 2483 1376 2545 pabula
1411 2482 1549 2540 fetas,

273 2583 368 2615 nec
405 2568 536 2614 mala
570 2565 720 2614 vicini
757 2564 949 2628 pecoris
987 2562 1216 2627 contagia
1251 2564 1463 2612 laedent.
1794 2582 1848 2622 50

271 2649 521 2696 fortunate
557 2663 721 2706 senex,
761 2645 842 2694 hic
879 2645 1006 2694 inter
1041 2644 1250 2693 flumina
1284 2653 1405 2692 nota

195 2780 197 2782 ,
272 2738 321 2777 et
358 2727 510 2777 fontis
548 2745 714 2777 sacros
750 2726 901 2791 frigus
938 2726 1162 2790 captabis
1200 2742 1429 2789 opacum.

273 2809 392 2858 hinc
429 2810 519 2858 tibi
556 2827 685 2873 quae
721 2826 918 2872 semper
953 2808 1120 2857 vicino
1156 2808 1221 2856 ab
1257 2805 1414 2855 limite
1453 2822 1627 2870 saepes

274 2891 519 2955 Hyblaeis
556 2891 733 2954 apibus
771 2893 945 2941 florem
982 2892 1190 2954 depasta
1226 2888 1384 2938 salicti

550 3032 684 3070 22—54
705 3019 787 3058 PR
1035 3032 1086 3069 37
1118 3017 1264 3070 poma]
1287 3018 1398 3058 mala
1416 3017 1482 3057 R1
