2014 3372
1377 166 1738 215 AENEIDOS
1777 167 1830 213 ΙΙ

153 309 439 360 --interclusit
474 308 632 359 hiems
667 317 717 358 et
752 307 920 358 terruit
956 310 1136 357 Auster
1171 306 1345 356 euntis.

167 392 429 456 praecipue
465 406 579 440 cum
615 390 714 439 iam
749 389 830 439 hic
866 389 1087 438 trabibus
1130 398 1388 438 contextus
1423 386 1612 437 acernis

167 482 315 522 staret
351 489 506 536 equus
542 480 648 520 toto
685 479 956 520 sonuerunt
991 471 1188 519 aethere
1224 469 1394 518 nimbi.

167 553 392 617 suspensi
430 554 733 615 Eurypylum
770 551 999 600 scitatum
1036 552 1233 600 oracula
1269 549 1461 599 Phoebi

168 633 421 693 mittimus,
460 633 600 696 isque
635 631 793 695 adytis
829 634 952 681 haec
989 631 1142 680 tristia
1178 631 1310 680 dicta
1345 639 1589 694 reportat:
1755 651 1830 692 115

171 718 200 741 ‘⁴
218 714 455 777 sanguine
491 713 718 777 placastis
755 722 928 762 ventos
966 722 1014 762 et
1048 712 1233 777 virgine
1269 729 1425 773 caesa,

167 811 281 843 cum
317 794 530 858 primum
569 793 756 853 Iliacas,
799 794 974 853 Danai,
1013 793 1214 842 venistis
1250 795 1314 842 ad
1350 810 1491 842 oras:

164 876 404 939 sanguine
442 874 712 938 quaerendi
748 874 933 924 reditus
968 874 1233 937 animaque
1269 874 1513 923 litandum

165 956 438 1020 Argolica.''
485 955 616 1019 vulgi
654 972 782 1019 quae
817 972 912 1004 vox
947 964 1001 1003 ut
1036 954 1171 1004 venit
1205 956 1270 1004 ad
1305 954 1447 1013 auris,

166 1037 448 1101 obstipuere
483 1036 636 1085 animi
673 1036 963 1100 gelidusque
998 1053 1086 1098 per
1120 1035 1219 1083 ima
1255 1034 1467 1083 cucurrit
1757 1055 1835 1084 120

165 1135 277 1167 ossa
312 1127 504 1177 tremor,
544 1117 624 1166 cui
663 1119 761 1165 fata
797 1126 981 1180 parent,
1022 1133 1172 1180 quem
1208 1125 1381 1180 poscat
1416 1117 1612 1180 Apollo.

166 1199 247 1248 hic
285 1201 484 1248 Ithacus
521 1208 684 1248 vatem
722 1216 903 1262 magno
941 1200 1214 1248 Calchanta
1249 1199 1463 1246 tumultu

164 1280 402 1342 protrahit
438 1280 489 1327 in
526 1279 754 1339 medios,·
802 1296 929 1342 quae
965 1278 1061 1326 sint
1097 1296 1155 1327 ea
1190 1277 1395 1326 numina
1430 1277 1601 1326 divum

165 1360 359 1424 flagitat.
436 1370 484 1409 et
521 1360 641 1408 mihi
680 1359 778 1407 iam
815 1359 957 1407 multi
993 1361 1192 1408 crudele
1228 1359 1474 1408 canebant

164 1441 360 1490 artificis
396 1443 570 1501 scelus,
611 1450 659 1490 et
698 1440 832 1489 taciti
867 1448 1072 1488 ventura
1107 1439 1355 1488 videbant.
1756 1460 1831 1500 125

166 1522 240 1571 bis
267 1522 453 1590 <quinos
489 1522 599 1571 silet
635 1522 717 1571 ille
754 1521 860 1571 dies
898 1530 1156 1584 tectusque
1192 1530 1383 1570 recusat

164 1605 371 1666 prodere
406 1620 529 1652 voce
565 1620 654 1652 sua
692 1620 995 1666 quemquam
1030 1611 1115 1650 aut
1150 1619 1404 1665 opponere
1441 1601 1599 1651 morti.

165 1683 243 1732 vix
278 1686 493 1745 tandem,
535 1684 725 1748 magnis
767 1683 927 1732 Ithaci
963 1682 1260 1732 clamoribus
1296 1692 1450 1742 actus,

165 1765 441 1828 composito
477 1766 660 1829 rumpit
698 1782 873 1814 vocem
911 1774 960 1813 et
996 1782 1076 1814 me
1118 1764 1332 1813 destinat
1366 1781 1491 1812 arae.

163 1847 426 1895 adsensere
462 1863 636 1895 omnes
676 1856 738 1906 et,
779 1863 906 1909 quae
943 1845 1037 1894 sibi
1073 1845 1283 1908 quisque
1319 1844 1537 1905 timebat,
1758 1865 1834 1905 130

164 1926 308 1975 unius
345 1926 395 1975 in
433 1926 595 1976 miseri
633 1927 834 1975 exitium
873 1943 1109 1975 conversa
1144 1929 1310 1975 tulere.

164 2005 361 2069 iamque
398 2006 503 2056 dies
539 2006 743 2056 infanda
781 2008 983 2067 aderat3
1032 2005 1154 2054 mihi
1189 2023 1325 2054 sacra
1360 2004 1517 2068 parari

165 2095 213 2135 et
249 2089 403 2135 salsae
439 2089 599 2150 fruges
638 2097 686 2135 et
726 2086 911 2135 circum
947 2095 1171 2149 tempora
1206 2085 1367 2135 vittae.

165 2166 332 2230 eripui,
371 2169 538 2227 fateor,
579 2169 678 2217 leto
718 2185 797 2216 me
835 2177 884 2216 et
920 2167 1115 2216 vincula
1151 2167 1270 2230 rupi,

164 2247 440 2311 limosoque
476 2251 585 2297 lacu
622 2266 709 2312 per
747 2258 947 2297 noctem
984 2249 1222 2296 obscurus
1258 2248 1309 2295 in
1346 2250 1457 2297 ulva
1756 2269 1830 2309 135

164 2329 336 2378 delitui
372 2332 493 2379 dum
530 2333 637 2380 vela
674 2333 860 2391 darent,
903 2331 943 2379 si
979 2332 1103 2379 forte
1140 2330 1405 2379 dedissent.

165 2427 257 2459 nec
294 2411 413 2460 mihi
450 2413 547 2461 iam
585 2414 792 2476 patriam
831 2413 1085 2477 antiquam
1122 2429 1234 2475 spes
1276 2415 1376 2461 ulla
1410 2412 1624 2473 videndi,

164 2509 257 2540 nec
293 2493 450 2543 dulcis
488 2504 630 2544 natos
669 2504 1054 2559 exoptatumque
1091 2502 1360 2557 parentem,

166 2591 289 2637 quos
325 2575 393 2623 illi
429 2578 526 2626 fors
564 2586 612 2625 et
647 2594 834 2640 poenas
873 2578 939 2626 ob
977 2585 1143 2625 nostra
1178 2584 1438 2640 reposcent

223 2715 410 2753 111-139
424 2703 515 2741 MP
635 2717 710 2754 114
740 2706 933 2745 scitatum
955 2703 1008 2744 M
1010 2703 1204 2756 ²7²a2b2crr
1216 2705 1382 2744 Nonius
1404 2704 1629 2754 Charisius,
1650 2705 1833 2756 agnoscit

165 2757 279 2797 Serv.
302 2771 309 2795 :
342 2759 567 2797 scitantum
595 2764 672 2798 aut
703 2773 788 2798 -ern
815 2760 912 2799 M1:
943 2761 1167 2799 scitantem
1194 2760 1322 2811 Ρ-γῙό1
1343 2759 1456 2799 Serv.
1633 2771 1706 2796 121
1740 2758 1826 2809 cui]

164 2813 264 2862 quid
285 2812 525 2863 Peerlkamp
700 2820 821 2863 paret
842 2813 1032 2853 Batavus
1050 2816 1225 2865 ignotus,
1250 2813 1424 2865 Madvig
1590 2823 1665 2861 125
1695 2811 1829 2863 taciti]

165 2868 309 2916 pavidi
329 2866 535 2906 Schrader
701 2881 778 2917 129
807 2869 921 2918 rupit
941 2867 994 2905 M
1159 2880 1237 2917 130
1256 2868 1462 2907 timebant
1492 2867 1621 2919 7¹a¹c1
1651 2867 1833 2917 agnoscit

165 2920 220 2959 D.
243 2920 360 2961 Serv.
549 2922 627 2970 136
656 2922 806 2960 darent
827 2923 862 2960 si
883 2923 993 2961 forte
1013 2921 1222 2961 coniunxit
1240 2922 1383 2972 Heyne
1568 2923 1644 2971 138
1676 2920 1826 2972 dulcis]

168 2974 345 3025 duplicis
364 2974 422 3013 P1
442 2975 626 3027 Ribbeck,
647 2976 830 3028 agnoscit
848 2975 960 3015 Serv.
