2020 3372
807 150 1212 203 PRAEFATIO

169 313 367 367 superet
382 296 418 354 ¹,
485 304 612 356 inter
646 308 723 356 M
746 317 912 358 autem
956 319 1005 358 et
1040 313 1093 359 P
1127 311 1376 363 dubitanti
1418 316 1649 367 subvenit
1684 320 1844 369 codex

169 391 430 441 Gudianus
458 392 542 460 (γ),
573 394 670 457 qui,
701 396 926 458 quamvis
952 400 1150 448 saeculo
1179 417 1316 450 nono
1350 402 1520 453 litteris
1550 405 1840 456 minusculis

167 479 229 528 sit
254 481 476 544 scriptus,
506 491 673 532 tamen
703 501 763 533 ex
792 486 1049 534 communi
1085 496 1362 538 ceterorum
1399 494 1668 557 archetypo
1704 504 1840 544 ortus

167 577 253 627 est,
283 578 344 628 et,
375 570 414 618 si
443 572 507 620 ad
542 571 731 622 scribae
758 574 909 622 fidem
936 583 985 623 et
1010 569 1398 640 intellegentiam
1425 590 1630 644 specteS,
1659 582 1838 646 dignus

164 655 413 706 videbitur
438 659 523 722 qui
548 659 600 707 in
626 660 889 709 consilium
915 672 1130 712 vocetur.
1205 664 1372 729 itaque
1402 684 1516 716 cum
1545 669 1764 719 Medicei
1789 681 1838 720 et

166 745 376 794 Palatini
396 764 499 796 non
519 749 695 797 eadem
716 749 777 797 sit
796 749 960 810 virtus,
982 753 1114 800 solus
1134 762 1300 802 autem
1317 755 1369 802 P
1383 773 1548 805 veram
1568 758 1835 808 lectionem

163 835 314 896 paulo
351 835 545 898 saepius
582 838 828 899 praebeat,
859 839 1121 888 Gudianus
1158 840 1306 890 etiam
1344 859 1459 891 cum
1492 845 1726 895 Mediceo
1757 849 1836 896 vel

165 922 391 972 Palatino
447 924 642 988 saepius
702 925 753 973 in
801 944 971 975 verum
1021 931 1264 979 servando
1321 948 1471 994 quarn
1523 933 1575 981 in
1621 951 1834 984 errorem

162 1014 486 1075 propagando
511 1015 610 1063 fere
636 1014 898 1078 conspiret,
927 1015 979 1064 in
1006 1017 1219 1067 stlitibus
1253 1018 1379 1069 inter
1412 1020 1521 1069 illos
1555 1021 1834 1073 iudicandis

164 1100 385 1149 Gudiani
432 1102 771 1152 testimonium
820 1104 1164 1154 adhibendum
1207 1116 1293 1167 est,
1340 1117 1389 1156 et
1430 1126 1701 1160 consensus
1737 1115 1835 1180 My

162 1197 335 1237 contra
358 1191 411 1238 P
434 1191 511 1239 vel
536 1192 616 1257 Py
639 1200 811 1240 contra
836 1193 911 1251 M,
946 1192 1026 1241 hic
1062 1204 1228 1242 autem
1265 1198 1414 1258 paulo
1452 1198 1645 1261 saepius
1682 1216 1832 1262 quam

159 1277 254 1337 ille,
306 1277 484 1342 dignus
533 1280 632 1328 fide
681 1282 961 1329 censendus
1010 1291 1096 1329 est.
1172 1285 1259 1331 sed
1316 1301 1481 1344 neque
1534 1297 1833 1333 correctores

163 1365 383 1415 Medicei
420 1375 469 1415 et
506 1366 716 1415 Palatini
758 1365 1129 1429 antiquissimos
1167 1367 1460 1431 neglegas2:
1516 1368 1651 1418 libris
1698 1370 1833 1420 enim

159 1454 304 1504 bonis
325 1454 400 1503 usi
426 1464 552 1515 sunt,
573 1464 622 1504 et
641 1471 944 1518 quamquam
970 1455 1057 1504 ubi
1081 1455 1325 1505 diversam
1345 1457 1611 1507 lectionem
1630 1460 1834 1521 praebet

159 1552 415 1602 corrector,
456 1543 849 1607 interpolationis
898 1543 1108 1592 occurrit
1155 1544 1383 1608 suspicio,
1424 1545 1511 1594 ubi
1547 1555 1714 1595 tamen
1749 1545 1839 1594 M2

159 1649 274 1681 cum
298 1633 378 1699 Py
401 1634 478 1681 vel
502 1631 573 1681 P2
599 1649 713 1681 eum
747 1633 844 1698 My
876 1631 1125 1695 conspirat
1162 1632 1417 1682 meliorem
1453 1633 1705 1697 archetypi
1741 1635 1834 1683 lec—

162 1720 350 1770 tionem
377 1720 571 1784 saepius
598 1737 888 1770 conservare
913 1722 1164 1783 putandus
1190 1730 1264 1769 est
1280 1722 1309 1768 ³.

228 1811 394 1872 Quam
432 1810 577 1874 igitur
613 1800 866 1859 ‘rationem
915 1808 1042 1858 inter
1094 1809 1310 1872 optimos
1357 1809 1555 1860 codices
1604 1810 1833 1860 exsistere

158 1898 333 1962 opiner
371 1898 511 1962 quasi
553 1899 898 1947 adumbratam
938 1898 1124 1946 habes:
1174 1899 1238 1947 de
1276 1897 1487 1961 reliquis,
1535 1898 1620 1961 qui
1662 1898 1832 1947 litteris

158 1988 448 2037 minusculis
482 1987 649 2051 scripti
687 1996 813 2046 sunt,
853 2004 957 2035 non
994 1995 1067 2035 est
1104 2004 1190 2035 cur
1226 1989 1381 2035 multa
1417 1987 1595 2035 dicam.
1668 2004 1832 2050 neque

214 2119 223 2139 ¹
256 2119 390 2158 Cuius
419 2118 482 2156 rei
514 2117 761 2156 testimonia
791 2116 1125 2165 locupletissima
1155 2117 1294 2155 attulit
1325 2116 1522 2155 Ribbeck
1553 2117 1596 2154 in
1629 2116 1831 2164 Prolego-

159 2186 324 2234 menis;
365 2185 465 2223 licet
497 2184 612 2221 enim
642 2183 710 2221 vir
739 2183 889 2220 doctus
920 2182 1103 2220 Palatini
1135 2182 1375 2220 auctoritati
1412 2182 1588 2220 nimium
1622 2181 1832 2220 inservire

156 2252 365 2301 videatur,
392 2250 455 2288 eis
477 2249 614 2301 <velut
637 2247 898 2296 Nettleship,
923 2247 1060 2297 Thilo,
1088 2246 1317 2294 Deuticke,
1340 2246 1560 2295 Gfithling,
1581 2244 1831 2296 Chatelain)

157 2318 230 2367 qui
252 2316 494 2355 Mediceum
523 2314 660 2364 pluris
690 2313 851 2352 faciunt
881 2311 1103 2361 astipulari
1127 2325 1212 2350 non
1241 2323 1430 2360 possum.
1493 2311 1669 2349 minime
1689 2315 1831 2348 autem

157 2384 199 2421 in
231 2382 491 2422 carminibus
510 2379 674 2429 Vergili
696 2378 973 2418 recensendis
992 2377 1135 2416 valent
1163 2377 1267 2415 artis
1291 2376 1676 2426 palaeographicae
1704 2375 1831 2413 ratio-

157 2461 247 2499 nes,
280 2448 440 2498 quippe
471 2446 543 2484 ubi
569 2445 673 2484 vitia
701 2444 907 2494 pleraque
940 2443 985 2481 in
1017 2443 1250 2492 archetypo
1279 2441 1539 2492 interpolato
1571 2440 1831 2490 requirenda

158 2514 257 2563 sint,
282 2518 324 2551 et
354 2512 497 2562 potius
522 2524 576 2549 ex
605 2510 778 2560 ingenio
806 2509 1038 2548 scribarum
1069 2520 1194 2557 quam
1216 2520 1270 2545 ex
1297 2520 1443 2546 errore
1464 2506 1532 2545 vel
1554 2504 1847 2555 neglegentiav

157 2578 375 2618 scribendi
401 2577 604 2616 oriantur.

211 2643 226 2666 ²
259 2644 427 2682 Novem
477 2640 661 2680 Medicei
710 2645 973 2678 correctores
1022 2639 1218 2688 agnoscit
1263 2637 1318 2678 M.
1361 2637 1606 2684 Hoffmann,
1650 2648 1828 2686 quorum

157 2708 392 2747 secundum
418 2706 544 2744 etiam
575 2705 931 2754 subscriptionem
962 2702 1116 2741 dictam
1150 2703 1391 2752 Aproniani
1426 2702 1647 2751 scripsisse
1681 2705 1828 2750 putat3

157 2786 284 2823 quam
306 2779 448 2812 tamen
471 2783 574 2810 cave
596 2783 650 2808 ne
673 2782 719 2808 re
741 2781 844 2807 vera
864 2767 1106 2817 Aproniani
1127 2780 1223 2806 esse
1245 2768 1407 2807 credas.

214 2839 228 2860 3
260 2838 399 2877 Etiam
423 2836 794 2886 grammaticorum
815 2832 1073 2882 testimonia,
1099 2833 1152 2874 ad
1175 2837 1339 2870 textum
1359 2831 1633 2881 antiquorum
1652 2830 1827 2878 scripto-

158 2913 251 2943 rum
273 2902 600 2952 restituendum,
626 2899 870 2939 adhibenda
891 2909 986 2936 esse
1008 2896 1122 2934 inter
1141 2896 1279 2935 omnis
1300 2888 1469 2935 constat
1484 2908 1493 2943 3
1529 2895 1668 2939 minus
1687 2898 1829 2932 autem

157 2974 313 3019 poetae
349 2974 495 3007 nostro
527 2969 718 3015 prosunt,
750 2963 911 3013 quippe
946 2961 1017 3011 qui
1052 2960 1134 3011 ipsi
1170 2974 1256 3000 non
1292 2961 1373 3000 nisi
1409 2958 1678 3009 interpolatis
1709 2957 1829 2997 libris

157 3035 222 3074 usi
253 3034 350 3074 sint.

973 3086 1025 3140 iv
