2014 3372
1357 170 1719 222 AENEIDOS
1755 166 1831 220 VI

163 302 396 353 omnibus
431 303 508 353 his
544 304 687 354 nivea
722 304 986 370 cinguntur
1021 316 1245 371 tempora
1275 308 1407 358 vitta.
1750 319 1830 372 665

163 401 288 448 quos
325 385 646 435 circumfusos
683 385 752 435 sic
789 396 863 436 est
898 389 1064 438 adfata
1100 389 1297 453 Sibylla,

164 468 429 514 Musaeum
464 475 579 515 ante
615 466 778 515 omnis
816 467 1059 528 <medium
1095 486 1210 518 narn
1247 470 1459 533 plurima
1493 472 1636 521 turba

161 549 296 596 hunc
332 549 482 597 habet
517 557 667 611 atque
703 549 884 599 umeris
921 560 1195 600 exstantem
1232 552 1437 615 suspicit
1471 553 1634 618 altis):

162 628 352 689 ‘dicite‚
392 629 559 678 felices
595 629 804 691 animae,
846 640 1012 695 tuque,
1052 633 1239 696 optime
1274 643 1423 694 vates,

162 726 289 773 quae
326 710 459 774 regio
495 710 764 772 Anchisen,
805 712 914 775 quis
951 714 1102 762 habet
1138 716 1314 764 locus?
1360 714 1488 764 illius
1524 732 1640 780 ergo
1749 726 1830 779 670

159 791 385 840 venimus
422 802 470 840 et
506 810 711 856 magnos
750 794 899 843 Erebi
935 795 1234 845 tranavimus
1269 796 1460 845 amnis.²

157 862 307 936 atque
344 873 459 921 huic
496 890 788 937 responsum
825 875 995 938 paucis
1031 876 1098 925 ita
1134 877 1349 927 reddidit
1384 880 1559 929 heros:

163 953 311 1001 ‘nulli
347 963 478 1003 certa
515 957 727 1017 domus3
773 956 896 1005 lucis
932 956 1213 1006 habitamus
1250 958 1432 1021 opacis,

157 1033 472 1098 riparumque
509 1045 642 1086 toros
679 1046 728 1086 et
763 1047 901 1100 prata
935 1038 1152 1087 recentia
1185 1038 1299 1088 rivis

157 1115 431 1165 incolimus.
507 1120 595 1167 sed
631 1136 733 1179 vos,
773 1119 813 1168 si
849 1122 940 1169 fert
975 1120 1043 1168 ita
1078 1122 1229 1170 corde
1263 1124 1505 1182 voluntas,
1747 1131 1825 1185 675
1869 1177 1875 1180 ,

157 1198 254 1245 hoc
290 1207 516 1260 superate
552 1198 738 1262 iugum,
777 1209 826 1248 et
860 1200 991 1248 facili
1026 1200 1125 1249 iam
1162 1202 1356 1251 tramite
1392 1203 1592 1252 sistam.’

156 1277 292 1339 dixit,
332 1288 380 1327 et
415 1289 530 1328 ante
566 1281 676 1329 tulit
711 1298 932 1344 gressum
968 1299 1273 1346 camposque
1308 1283 1509 1333 nitentis

156 1361 368 1422 desuper
404 1370 617 1409 ostentat
633 1380 647 1422 3
695 1362 877 1411 dehinc
915 1380 1109 1412 summa
1145 1365 1405 1413 cacumina
1443 1364 1687 1429 linquunt.

223 1443 290 1488 At
326 1451 462 1504 pater
496 1442 740 1491 Anchises
776 1443 973 1505 penitus
1010 1447 1234 1494 convalle
1268 1445 1444 1494 virenti

156 1520 368 1570 inclusas
403 1522 593 1571 animas
630 1540 963 1587 superumque
998 1527 1063 1574 ad
1099 1527 1268 1575 lumen
1305 1526 1455 1575 ituras
1746 1536 1827 1578 680

155 1603 392 1651 lustrabat
427 1602 593 1652 studio
629 1606 864 1664 recolens,
905 1621 1208 1668 omnemque
1244 1624 1446 1656 suorum

154 1685 279 1733 forte
316 1686 604 1734 recensebat
640 1702 916 1746 numerum,
956 1703 1195 1750 carosque
1230 1698 1437 1751 nepotes

154 1767 352 1829 fataque
390 1769 709 1830 fortunasque
744 1767 902 1815 virum
939 1785 1201 1831 moresque
1238 1786 1526 1832 manusque.

154 1846 294 1911 isque
330 1849 417 1897 ubi
456 1851 744 1898 tendentem
780 1851 1041 1898 adversum
1078 1867 1166 1913 per
1199 1850 1420 1913 gramina
1455 1851 1578 1901 vidit

154 1932 373 1990 Aenean,
413 1930 585 1979 alacris
621 1932 810 1993 palmas
847 1940 1079 1994 utrasque
1115 1931 1337 1991 tetendit,
1742 1942 1821 1996 685

154 2013 436 2075 effusaeque
472 2012 609 2076 genis
646 2012 875 2060 lacrimae
911 2021 959 2060 et
994 2029 1090 2060 vox
1125 2013 1306 2062 excidit
1341 2030 1455 2062 ore:

156 2093 359 2141 ‘venisti
394 2095 611 2153 tandem,
651 2102 834 2155 tuaque
871 2102 1152 2156 exspectata
1186 2094 1377 2157 parenti

151 2174 267 2223 vicit
302 2175 391 2224 iter
427 2177 605 2224 durum
642 2174 834 2238 pietas?
881 2176 1025 2224 datur
1059 2192 1144 2224 ora
1179 2176 1317 2236 tueri,

152 2265 279 2316 nate,
318 2266 403 2305 tua
438 2266 487 2305 et
522 2266 665 2306 notas
700 2256 870 2305 audire
906 2266 955 2305 et
990 2258 1196 2305 reddere
1231 2261 1415 2307 voces?

152 2336 221 2385 sic
257 2337 490 2400 equidem
528 2339 776 2388 ducebam
812 2338 980 2386 animo
1016 2338 1256 2401 rebarque
1291 2340 1510 2388 futurum
1738 2349 1820 2403 690

151 2425 374 2481 tempora
410 2419 742 2480 dinumerans,
783 2436 876 2468 nec
913 2436 993 2468 me
1030 2436 1140 2467 mea
1176 2436 1292 2467 cura
1327 2419 1510 2468 fefellit.

151 2514 272 2560 quas
309 2516 401 2563 ego
436 2509 485 2549 te
521 2510 670 2550 terras
707 2511 755 2549 et
793 2510 979 2564 quanta
1013 2517 1100 2562 per
1134 2516 1350 2562 aequora
1384 2510 1581 2549 vectum

149 2578 369 2641 accipio!
418 2581 613 2643 quantis
650 2581 898 2641 iactatum,
938 2590 1066 2640 nate,
1105 2580 1327 2644 periclis!

150 2672 299 2717 quam
337 2658 490 2706 metui
527 2676 590 2707 ne
626 2659 748 2722 quid
786 2660 971 2722 Libyae
1008 2659 1097 2707 tibi
1133 2675 1282 2722 regna
1317 2669 1553 2708 nocerent
1574 2664 1582 2708 1
1603 2662 1614 2684 '

149 2734 231 2784 ille
265 2746 461 2787 autem:
502 2743 616 2788 ‘tua
652 2758 745 2800 me,
784 2741 986 2804 genitor,
1027 2750 1111 2789 tua
1148 2740 1294 2788 tristis
1331 2739 1495 2803 imago
1734 2750 1813 2804 695

149 2817 342 2880 saepius
379 2835 640 2868 occurrens
676 2823 798 2869 haec
834 2821 1004 2869 limina
1040 2823 1243 2870 tendere
1278 2819 1443 2883 adegit
1459 2838 1474 2881 ,-

149 2947 391 3037 Ριὸὀ5-687
414 2948 607 2998 FMPR3
637 2950 827 3000 688u696
855 2948 1060 2988 FGMPR
1280 2951 1361 3000 685
1392 2950 1563 3002 alacris]
1586 2949 1814 3010 lacrimans
