2046 3380
262 135 314 184 P.
356 138 656 187 VERGILI
698 138 1022 188 MARONIS

261 277 397 326 dona
433 278 600 326 feram.
675 276 772 326 iam
811 295 945 326 nunc
983 278 1235 328 sollemnis
1273 280 1455 330 ducere
1492 298 1703 346 pompas

261 359 326 406 ad
363 358 570 407 delubra
605 357 739 406 iuvat
774 375 1046 422 caesosque
1081 359 1247 409 videre
1283 360 1532 422 iuvencos,
1751 357 1755 360 ⁴

263 441 340 488 vel
377 455 557 488 scaena
593 449 646 488 ut
683 439 832 489 versis
871 440 1095 490 discedat
1131 442 1376 492 frontibus
1414 452 1568 509 utque

262 537 509 584 purpurea
544 519 715 569 intexti
753 523 928 570 tollant
964 523 1136 571 aulaea
1174 522 1409 572 Britanni.

263 602 311 649 in
354 601 541 651 foribus
579 618 797 665 pugnam
835 620 893 652 ex
933 620 1053 653 auro
1090 603 1351 668 solidoque
1389 607 1656 670 elephanto

265 682 605 747 Gangaridum
643 683 823 732 faciam
861 683 1160 749 victorisque
1199 703 1335 734 arma
1374 687 1584 749 Quirini,

262 773 412 828 atque
449 764 531 813 hic
568 767 843 814 undantem
880 767 1014 815 bello
1052 784 1390 831 magnumque
1431 771 1668 819 fluentem

265 846 437 895 Nilum
477 864 536 895 ac
573 846 734 896 navali
772 848 1013 911 surgentis
1050 865 1162 898 aere
1200 852 1469 900 columnas.

262 929 447 977 addam
485 929 631 977 urbes
670 928 819 978 Asiae
858 929 1072 978 domitas
1110 933 1410 995 pulsumque
1449 931 1701 996 Niphaten

262 1010 603 1073 fidentemque
640 1011 755 1073 fuga
792 1012 1030 1059 Parthum
1068 1011 1319 1076 versisque
1357 1013 1578 1077 sagittis;

263 1099 312 1139 et
348 1092 451 1139 duo
488 1100 626 1155 rapta
664 1109 815 1140 manu
856 1092 1052 1142 diverso
1089 1110 1148 1142 ex
1185 1095 1327 1143 hoste
1365 1104 1567 1158 tropaea

265 1172 439 1235 bisque
477 1172 802 1236 triumphatas
848 1183 1059 1238 utroque
1094 1175 1159 1223 ab
1196 1175 1337 1225 litore
1374 1177 1546 1240 gentis.

264 1254 467 1302 stabunt
504 1263 552 1303 et
591 1254 718 1302 Parii
756 1255 960 1318 lapides,
1002 1255 1237 1319 spirantia
1275 1257 1427 1321 signa,

263 1334 490 1384 Assaraci
528 1337 690 1398 proles
728 1335 1073 1399 demissaeque
1109 1338 1174 1385 ab
1213 1339 1333 1386 Iove
1368 1338 1528 1402 gentis

262 1416 482 1477 nomina,
523 1419 751 1480 Trosque
788 1434 966 1480 parens
1005 1427 1053 1466 et
1091 1418 1270 1467 Troiae
1309 1420 1555 1482 Cynthius
1592 1430 1775 1471 auctor.

265 1497 460 1547 Invidia
497 1497 665 1547 infelix
701 1498 849 1547 furias
889 1515 1189 1562 amnemque
1227 1516 1451 1549 severum

263 1579 440 1642 Cocyti
478 1588 665 1627 metuet
702 1587 958 1643 tortosque
998 1579 1184 1628 Ixionis
1222 1580 1396 1644 anguis

262 1661 636 1724 immanemque
673 1670 832 1710 rotam
870 1670 918 1709 et
955 1678 1058 1709 non
1096 1662 1435 1725 exsuperabile
1473 1680 1656 1714 saxum.

262 1742 448 1791 interea
486 1744 743 1805 Dryadum
783 1742 928 1791 silvas
965 1745 1218 1807 saltusque
1256 1761 1522 1807 sequamur

261 1826 487 1883 intactos,
528 1833 625 1884 tua,
668 1827 951 1885 Maecenas,
991 1827 1126 1874 haud
1163 1825 1332 1875 mollia
1367 1826 1510 1876 iussa.

262 1915 310 1954 te
347 1905 453 1954 sine
490 1904 559 1953 nil
595 1907 751 1954 altum
789 1923 930 1955 mens
968 1906 1202 1956 incohat:
1253 1925 1315 1957 en
1351 1926 1441 1972 age
1477 1909 1640 1973 segnis

261 2004 435 2050 rumpe
473 2004 666 2048 moras3
714 1997 858 2036 vocat
895 1988 1081 2052 ingenti
1119 1991 1334 2038 clamore
1372 1989 1642 2040 Cithaeron

261 2071 305 2116 T
307 2068 567 2131 aygetique
604 2085 752 2117 canes
789 2069 1120 2133 domitrixque
1158 2070 1438 2134 Epidaurus
1475 2087 1731 2134 equorum,

261 2159 309 2198 et
345 2167 440 2199 vox
476 2152 691 2199 adsensu
729 2168 990 2200 nemorum
1027 2151 1330 2216 ingeminata
1364 2152 1587 2216 remugit.

263 2248 378 2280 mox
414 2240 582 2279 tamen
617 2231 834 2281 ardentis
870 2231 1098 2296 accingar
1136 2232 1300 2282 dicere
1337 2250 1527 2297 pugnas

261 2312 486 2362 Caesaris
524 2321 572 2361 et
609 2329 794 2361 nomen
832 2315 964 2361 fama
1000 2322 1073 2363 tot
1110 2315 1232 2363 ferre
1268 2331 1356 2377 per
1391 2331 1549 2363 annos

261 2392 467 2441 Tithoni
503 2393 662 2455 prima
699 2402 821 2455 quot
858 2393 999 2443 abest
1036 2395 1099 2443 ab
1138 2394 1326 2458 origine
1363 2396 1557 2445 Caesar.

328 2475 425 2523 Seu
462 2473 572 2536 quis
610 2474 933 2537 Olympiacae
971 2475 1173 2525 miratus
1209 2476 1428 2539 praemia
1462 2478 1656 2540 palmae

261 2554 417 2618 pascit
453 2571 623 2618 equOS,
664 2572 750 2603 seu
789 2555 899 2618 quis
936 2555 1073 2605 fortis
1110 2558 1175 2605 ad
1211 2566 1367 2606 aratra
1404 2556 1654 2617 iuvencos,

259 2652 465 2698 corpora
501 2634 765 2698 praecipue
805 2646 1016 2685 matrum
1055 2639 1195 2701 legat.
1270 2637 1459 2700 optima
1496 2647 1663 2687 torvae

259 2718 416 2766 forma
454 2716 594 2766 bovis
633 2716 713 2765 cui
751 2726 892 2781 turpe
929 2728 1091 2781 caput,
1132 2718 1212 2767 cui
1250 2719 1460 2782 plurima
1496 2719 1671 2779 cervix,

260 2806 307 2846 et
344 2815 539 2846 crurum
578 2807 722 2847 tenus
759 2816 788 2846 a
826 2808 995 2847 mento
1031 2799 1246 2862 palearia
1280 2801 1503 2863 pendent
1524 2819 1537 2861 3

1887 547 1936 589 25

1887 954 1940 994 30

1889 1360 1936 1402 35

1884 1767 1939 1807 4ο

1878 2172 1932 2215 45

1882 2578 1935 2618 50

314 2940 450 2977 22-53
474 2926 605 2966 MPR
735 2941 788 2978 29
818 2929 980 2967 navalis
1000 2928 1043 2966 P
1181 2930 1235 2979 38
1264 2935 1460 2969 metuens
1481 2930 1524 2968 P
1628 2930 1682 2980 48
1710 2934 1814 2980 quot
1834 2927 1931 2971 M':

258 2983 373 3031 quod
396 2982 446 3019 M
456 2981 636 3033 1PR7¹b1
804 2994 857 3032 50
887 2989 1036 3033 pascet
1055 2983 1098 3021 P
