2014 3372
1376 143 1522 190 AEN
1527 141 1738 191 EIDOS
1777 141 1832 189 II

163 305 397 352 spumeus
434 296 583 351 atque
618 286 721 335 imo
758 288 949 334 Nereus
986 284 1082 334 ciet
1117 300 1333 347 aequora
1368 284 1539 332 fundo.

161 370 230 418 illi
267 370 427 429 etiam,
469 369 508 418 si
545 385 670 432 quos
708 369 918 436 obscura
954 375 1101 415 nocte
1137 383 1224 429 per
1259 366 1487 414 umbram
1751 384 1832 423 420

160 452 378 501 fudimus
414 450 603 500 insidiis
640 459 843 512 totaque
878 447 1169 511 agitavimus
1205 447 1340 506 urbe,

160 542 397 596 apparent
414 551 427 593 3
475 530 620 595 primi
656 530 841 593 clipeos
878 528 1185 591 mentitaque
1221 530 1318 577 tela

160 622 437 678 agnoscunt
473 622 622 676 atque
659 629 744 661 ora
780 627 904 660 sono
941 608 1189 659 discordia
1225 608 1431 673 signant.

159 695 291 743 ilicet
328 693 582 744 obruimur
617 709 860 754 numero,
908 691 1195 755 primusque
1233 691 1491 740 Coroebus

162 775 362 825 Penelei
399 777 567 824 dextra
605 773 748 823 divae
783 759 1124 836 armipotentis
1159 773 1224 820 ad
1260 788 1394 820 aram
1749 790 1829 830 425

159 857 471 921 procumbit,
519 856 651 905 cadit
687 865 735 904 et
773 855 1012 918 Rhipeus,
1050 853 1345 902 iustissimus
1381 870 1509 902 unus

160 939 244 1002 qui
280 938 370 987 fuit
406 937 457 985 in
494 936 698 986 Teucris
735 946 783 985 et
819 935 1210 984 servantissimus
1246 934 1393 997 aequi

162 1019 257 1083 (dis
293 1019 431 1068 aliter
466 1018 679 1082 visum),
726 1026 934 1081 pereunt
972 1015 1301 1080 Hypanisque
1339 1018 1628 1079 Dymasque

160 1100 340 1150 confixi
376 1117 404 1148 a
442 1099 620 1161 sociis,
668 1116 762 1147 nec
797 1107 846 1146 te
882 1107 966 1146 tua
1001 1097 1223 1161 plurima,
1265 1098 1474 1156 Panthu,

159 1183 409 1231 labentem
446 1181 602 1244 pietas
639 1198 732 1229 nec
769 1179 1014 1242 Apollinis
1050 1179 1206 1227 infula
1242 1178 1372 1227 texit.
1746 1198 1830 1238 430

161 1263 299 1312 Iliaci
337 1263 524 1312 cineres
562 1271 609 1311 et
645 1264 846 1310 flamma
882 1270 1098 1309 extrema
1135 1277 1373 1319 meorum,

159 1355 323 1405 testor,
363 1344 413 1392 in
452 1360 631 1393 occasu
667 1351 829 1391 vestro
865 1359 958 1390 nec
995 1344 1092 1390 tela
1128 1358 1220 1390 nec
1257 1343 1381 1389 ullas

158 1426 386 1476 vitavisse
423 1425 568 1484 vices,
610 1427 842 1472 Danaum
880 1432 941 1483 et,
982 1422 1021 1471 si
1058 1425 1156 1471 fata
1193 1422 1400 1470 fuissent

159 1519 212 1558 ut
249 1512 493 1568 caderem,
533 1507 768 1556 meruisse
804 1524 968 1556 manu.
1043 1505 1320 1555 divellimur
1355 1505 1487 1565 inde,

160 1584 354 1654 Iphitus
393 1600 441 1639 et
479 1589 637 1638 Pelias
674 1606 872 1637 mecum
912 1589 1144 1651 (quorum
1184 1586 1378 1649 Iphitus
1414 1603 1539 1636 aevo
1745 1608 1827 1649 435

157 1672 255 1721 iam
293 1671 495 1736 gravior,
537 1670 695 1719 Pelias
733 1679 781 1718 et
816 1671 1018 1718 vulnere
1054 1670 1222 1717 tardus
1258 1667 1426 1733 Vlixi),

158 1754 381 1819 protinus
417 1755 481 1802 ad
518 1754 660 1801 sedes
698 1750 878 1799 Priami
915 1752 1128 1799 clamore
1164 1748 1337 1798 vocati.

158 1836 238 1884 hic
274 1852 389 1884 vero
426 1834 676 1896 ingentem
714 1849 946 1896 pugnam,
985 1849 1077 1880 ceu
1114 1840 1275 1879 cetera
1311 1847 1557 1894 nusquam

158 1918 287 1966 bella
324 1918 495 1975 forent,
536 1914 658 1962 nulli
694 1923 797 1962 tota
833 1922 1138 1962 morerentur
1173 1912 1224 1960 in
1259 1913 1396 1971 urbe,

158 1998 226 2047 sic
265 2000 480 2046 Martem
518 1995 818 2044 indomitum
857 1997 1160 2056 Danaosque
1195 1995 1260 2042 ad
1297 2002 1427 2042 tecta
1463 1992 1647 2042 ruentis
1744 2014 1826 2053 440

157 2080 404 2130 cernimus
442 2082 800 2143 obsessumque
837 2088 947 2127 acta
982 2077 1230 2126 testudine
1267 2077 1431 2125 limen.

157 2163 359 2210 haerent
396 2162 663 2225 parietibus
701 2162 862 2209 scalae
899 2158 1154 2222 postisque
1191 2159 1284 2207 sub
1319 2157 1452 2221 ipsos

157 2242 378 2291 nituntur
413 2243 645 2306 gradibus
684 2242 970 2305 clipeosque
1007 2242 1071 2289 ad
1108 2242 1205 2288 tela
1242 2239 1446 2288 sinistris

156 2324 364 2387 protecti
401 2324 636 2383 obiciunt,
677 2332 911 2387 prensant
946 2321 1136 2385 fastigia
1172 2320 1365 2369 dextris.

158 2406 474 2455 Dardanidae
510 2415 681 2455 contra
716 2405 858 2454 turris
893 2422 951 2454 ac
988 2413 1091 2453 tota
1127 2405 1390 2452 domorum
1742 2424 1822 2464 445

156 2486 372 2535 culmina
408 2488 722 2547 convellunt3
770 2486 845 2534 his
883 2503 947 2545 se,
990 2486 1192 2548 quando
1229 2483 1402 2531 ultima
1437 2492 1657 2544 cernunt,

156 2577 371 2616 extrema
407 2568 504 2616 iam
541 2568 592 2615 in
629 2577 787 2616 morte
822 2576 997 2631 parant
1034 2567 1301 2615 defendere
1337 2564 1480 2625 telis,

211 2698 402 2746 419-436
424 2695 538 2744 MP;
570 2709 758 2746 437—447
780 2695 907 2734 FMP
1144 2708 1224 2744 422
1246 2695 1369 2745 primi
1390 2694 1463 2733 sed
1488 2694 1614 2732 littera
1634 2694 1767 2732 interi
1786 2698 1825 2732 et

154 2764 195 2789 m
208 2763 323 2789 erasa
343 2751 406 2789 P:
439 2749 546 2788 unde
566 2750 720 2789 Priami
735 2751 906 2789 Ribbeck
1014 2763 1095 2799 433
1125 2751 1247 2801 vulgo
1265 2750 1381 2788 vices
1404 2749 1596 2787 Danaum
1616 2749 1820 2798 interpun-

148 2809 284 2856 gunt:
319 2805 514 2843 Danaum
536 2804 619 2843 fata
640 2805 851 2856 coniungit
867 2805 1088 2854 Nettleship
1231 2817 1311 2852 434
1342 2803 1466 2842 etiam
1488 2816 1656 2842 manum
1673 2802 1823 2840 invenit

155 2858 349 2898 Donatus
513 2872 592 2907 443
623 2872 670 2897 ac
700 2860 785 2897 tela
804 2859 846 2896 F
847 2858 1028 2910 2ΜΡὛαι
1049 2858 1232 2909 agnoscit
1265 2858 1318 2896 D.
1353 2857 1469 2897 Serv.
1491 2871 1500 2895 :
1542 2858 1595 2895 ad
1627 2862 1737 2895 tecta
1760 2855 1820 2893 F1

152 2924 231 3004 4845
261 2918 349 2952 tota
374 2912 487 3006 ΡΙΙᾋῙΖ
509 2914 690 2966 agnoscit
715 2914 768 2954 D.
795 2913 907 2953 Serv.
930 2929 937 2952 :
979 2919 1069 2952 tuta
1096 2927 1148 2952 a:
1189 2919 1304 2953 tecta
1329 2913 1372 2952 F
1372 2912 1557 2964 1Μ’γῧὸετι·
1582 2912 1820 2952 Priscianus

188 2980 267 3005 erv.
286 2982 295 3006 ε
325 2973 409 3007 tcta
