<?xml version="1.0" encoding="UTF-8"?>
<!DOCTYPE html PUBLIC "-//W3C//DTD XHTML 1.0 Transitional//EN"
    "http://www.w3.org/TR/xhtml1/DTD/xhtml1-transitional.dtd">
<html xmlns="http://www.w3.org/1999/xhtml" xml:lang="en" lang="en">
 <head>
  <title>
</title>
<meta http-equiv="Content-Type" content="text/html;charset=utf-8" />
  <meta name='ocr-system' content='tesseract 3.04.00' />
  <meta name='ocr-capabilities' content='ocr_page ocr_carea ocr_par ocr_line ocrx_word'/>
</head>
<body>
  <div class='ocr_page' id='page_1' title='image "./operarecognovitb00virguoft/operarecognovitb00virguoft_0152.png"; bbox 0 0 2014 3372; ppageno 0'>
   <div class='ocr_carea' id='block_1_1' title="bbox 237 152 992 202">
    <p class='ocr_par' dir='ltr' id='par_1_1' title="bbox 237 152 992 202">
     <span class='ocr_line' id='line_1_1' title="bbox 237 152 992 202; baseline -0.003 0"><span class='ocrx_word' id='word_1_1' title='bbox 237 155 288 202; x_wconf 90' lang='lat' dir='ltr'>P.</span> <span class='ocrx_word' id='word_1_2' title='bbox 330 154 628 202; x_wconf 90' lang='lat' dir='ltr'>VERGILI</span> <span class='ocrx_word' id='word_1_3' title='bbox 668 152 992 202; x_wconf 90' lang='lat' dir='ltr'>MARONIS</span> 
     </span>
    </p>
   </div>
   <div class='ocr_carea' id='block_1_2' title="bbox 222 292 1732 2812">
    <p class='ocr_par' dir='ltr' id='par_1_2' title="bbox 226 292 1732 1832">
     <span class='ocr_line' id='line_1_2' title="bbox 304 292 1540 356; baseline 0.001 -14"><span class='ocrx_word' id='word_1_4' title='bbox 304 296 394 342; x_wconf 89' lang='lat' dir='ltr'>Est</span> <span class='ocrx_word' id='word_1_5' title='bbox 430 293 481 342; x_wconf 92' lang='lat' dir='ltr'>in</span> <span class='ocrx_word' id='word_1_6' title='bbox 517 302 790 356; x_wconf 89' lang='lat' dir='ltr'>conspectu</span> <span class='ocrx_word' id='word_1_7' title='bbox 827 295 1075 353; x_wconf 82' lang='lat' dir='ltr'><strong>Tenedos,</strong></span> <span class='ocrx_word' id='word_1_8' title='bbox 1116 292 1374 343; x_wconf 89' lang='lat' dir='ltr'>notissima</span> <span class='ocrx_word' id='word_1_9' title='bbox 1409 295 1540 343; x_wconf 91' lang='lat' dir='ltr'>fama</span> 
     </span>
     <span class='ocr_line' id='line_1_3' title="bbox 233 374 1659 439; baseline 0 -15"><span class='ocrx_word' id='word_1_10' title='bbox 233 375 407 435; x_wconf 90' lang='lat' dir='ltr'>insula,</span> <span class='ocrx_word' id='word_1_11' title='bbox 448 375 584 424; x_wconf 89' lang='lat' dir='ltr'>dives</span> <span class='ocrx_word' id='word_1_12' title='bbox 623 392 776 438; x_wconf 92' lang='lat' dir='ltr'>opum</span> <span class='ocrx_word' id='word_1_13' title='bbox 815 374 996 423; x_wconf 82' lang='lat' dir='ltr'>Priami</span> <span class='ocrx_word' id='word_1_14' title='bbox 1033 376 1154 424; x_wconf 91' lang='lat' dir='ltr'>dum</span> <span class='ocrx_word' id='word_1_15' title='bbox 1191 392 1340 439; x_wconf 88' lang='lat' dir='ltr'>regna</span> <span class='ocrx_word' id='word_1_16' title='bbox 1376 375 1659 436; x_wconf 87' lang='lat' dir='ltr'>manebant,</span> 
     </span>
     <span class='ocr_line' id='line_1_4' title="bbox 234 455 1584 506; baseline 0.001 -1"><span class='ocrx_word' id='word_1_17' title='bbox 234 473 368 505; x_wconf 92' lang='lat' dir='ltr'>nunc</span> <span class='ocrx_word' id='word_1_18' title='bbox 405 465 598 505; x_wconf 88' lang='lat' dir='ltr'>tanturn</span> <span class='ocrx_word' id='word_1_19' title='bbox 636 455 771 504; x_wconf 88' lang='lat' dir='ltr'>sinus</span> <span class='ocrx_word' id='word_1_20' title='bbox 809 465 857 504; x_wconf 92' lang='lat' dir='ltr'>et</span> <span class='ocrx_word' id='word_1_21' title='bbox 894 455 1039 504; x_wconf 91' lang='lat' dir='ltr'>statio</span> <span class='ocrx_word' id='word_1_22' title='bbox 1076 458 1205 504; x_wconf 81' lang='lat' dir='ltr'>male</span> <span class='ocrx_word' id='word_1_23' title='bbox 1241 458 1342 505; x_wconf 93' lang='lat' dir='ltr'>fida</span> <span class='ocrx_word' id='word_1_24' title='bbox 1378 456 1584 506; x_wconf 90' lang='lat' dir='ltr'>carinis:</span> 
     </span>
     <span class='ocr_line' id='line_1_5' title="bbox 233 538 1451 602; baseline 0.001 -16"><span class='ocrx_word' id='word_1_25' title='bbox 233 541 331 588; x_wconf 92' lang='lat' dir='ltr'>huc</span> <span class='ocrx_word' id='word_1_26' title='bbox 368 556 420 588; x_wconf 89' lang='lat' dir='ltr'>se</span> <span class='ocrx_word' id='word_1_27' title='bbox 456 538 677 602; x_wconf 89' lang='lat' dir='ltr'>provecti</span> <span class='ocrx_word' id='word_1_28' title='bbox 714 540 910 587; x_wconf 87' lang='lat' dir='ltr'>deserto</span> <span class='ocrx_word' id='word_1_29' title='bbox 947 538 998 587; x_wconf 93' lang='lat' dir='ltr'>in</span> <span class='ocrx_word' id='word_1_30' title='bbox 1035 538 1176 587; x_wconf 89' lang='lat' dir='ltr'>litore</span> <span class='ocrx_word' id='word_1_31' title='bbox 1214 540 1451 587; x_wconf 87' lang='lat' dir='ltr'>condunt.</span> 
     </span>
     <span class='ocr_line' id='line_1_6' title="bbox 232 621 1465 684; baseline -0.001 -13"><span class='ocrx_word' id='word_1_32' title='bbox 232 640 324 671; x_wconf 93' lang='lat' dir='ltr'>nos</span> <span class='ocrx_word' id='word_1_33' title='bbox 361 621 541 671; x_wconf 89' lang='lat' dir='ltr'>abiisse</span> <span class='ocrx_word' id='word_1_34' title='bbox 578 622 668 670; x_wconf 90' lang='lat' dir='ltr'>rati</span> <span class='ocrx_word' id='word_1_35' title='bbox 705 630 752 671; x_wconf 93' lang='lat' dir='ltr'>et</span> <span class='ocrx_word' id='word_1_36' title='bbox 788 630 938 671; x_wconf 88' lang='lat' dir='ltr'>vento</span> <span class='ocrx_word' id='word_1_37' title='bbox 974 621 1174 684; x_wconf 89' lang='lat' dir='ltr'>petiisse</span> <span class='ocrx_word' id='word_1_38' title='bbox 1213 624 1465 684; x_wconf 85' lang='lat' dir='ltr'><strong>Mycenas.</strong></span> 
     </span>
     <span class='ocr_line' id='line_1_7' title="bbox 232 703 1454 767; baseline -0.001 -14"><span class='ocrx_word' id='word_1_39' title='bbox 232 721 347 767; x_wconf 83' lang='lat' dir='ltr'>ergo</span> <span class='ocrx_word' id='word_1_40' title='bbox 385 703 547 753; x_wconf 90' lang='lat' dir='ltr'>omnis</span> <span class='ocrx_word' id='word_1_41' title='bbox 584 706 734 767; x_wconf 88' lang='lat' dir='ltr'>longo</span> <span class='ocrx_word' id='word_1_42' title='bbox 772 703 915 753; x_wconf 88' lang='lat' dir='ltr'>solvit</span> <span class='ocrx_word' id='word_1_43' title='bbox 952 721 1004 752; x_wconf 93' lang='lat' dir='ltr'>se</span> <span class='ocrx_word' id='word_1_44' title='bbox 1041 703 1253 752; x_wconf 90' lang='lat' dir='ltr'>Teucria</span> <span class='ocrx_word' id='word_1_45' title='bbox 1288 705 1454 752; x_wconf 90' lang='lat' dir='ltr'>luctu:</span> 
     </span>
     <span class='ocr_line' id='line_1_8' title="bbox 231 785 1518 850; baseline -0.002 -14"><span class='ocrx_word' id='word_1_46' title='bbox 231 789 517 850; x_wconf 91' lang='lat' dir='ltr'>panduntur</span> <span class='ocrx_word' id='word_1_47' title='bbox 552 796 738 850; x_wconf 88' lang='lat' dir='ltr'>portae,</span> <span class='ocrx_word' id='word_1_48' title='bbox 778 785 911 835; x_wconf 92' lang='lat' dir='ltr'>iuvat</span> <span class='ocrx_word' id='word_1_49' title='bbox 948 786 1016 835; x_wconf 92' lang='lat' dir='ltr'>ire</span> <span class='ocrx_word' id='word_1_50' title='bbox 1053 795 1101 835; x_wconf 90' lang='lat' dir='ltr'>et</span> <span class='ocrx_word' id='word_1_51' title='bbox 1140 785 1324 835; x_wconf 90' lang='lat' dir='ltr'>Dorica</span> <span class='ocrx_word' id='word_1_52' title='bbox 1361 794 1518 835; x_wconf 87' lang='lat' dir='ltr'>castra</span> 
     </span>
     <span class='ocr_line' id='line_1_9' title="bbox 231 868 1477 932; baseline -0.002 -13"><span class='ocrx_word' id='word_1_53' title='bbox 231 871 553 932; x_wconf 87' lang='lat' dir='ltr'>desertosque</span> <span class='ocrx_word' id='word_1_54' title='bbox 589 868 756 918; x_wconf 91' lang='lat' dir='ltr'>videre</span> <span class='ocrx_word' id='word_1_55' title='bbox 793 871 930 917; x_wconf 91' lang='lat' dir='ltr'>locos</span> <span class='ocrx_word' id='word_1_56' title='bbox 968 868 1182 931; x_wconf 89' lang='lat' dir='ltr'>litusque</span> <span class='ocrx_word' id='word_1_57' title='bbox 1219 868 1477 917; x_wconf 87' lang='lat' dir='ltr'>relictum:</span> 
     </span>
     <span class='ocr_line' id='line_1_10' title="bbox 230 948 1732 1014; baseline 0 -16"><span class='ocrx_word' id='word_1_58' title='bbox 230 950 312 999; x_wconf 93' lang='lat' dir='ltr'>hic</span> <span class='ocrx_word' id='word_1_59' title='bbox 351 953 607 1014; x_wconf 90' lang='lat' dir='ltr'>Dolopum</span> <span class='ocrx_word' id='word_1_60' title='bbox 644 968 833 1009; x_wconf 88' lang='lat' dir='ltr'>manus,</span> <span class='ocrx_word' id='word_1_61' title='bbox 875 950 955 999; x_wconf 93' lang='lat' dir='ltr'>hic</span> <span class='ocrx_word' id='word_1_62' title='bbox 993 967 1166 998; x_wconf 88' lang='lat' dir='ltr'>saevus</span> <span class='ocrx_word' id='word_1_63' title='bbox 1204 950 1442 998; x_wconf 78' lang='lat' dir='ltr'>tendebat</span> <span class='ocrx_word' id='word_1_64' title='bbox 1477 948 1698 999; x_wconf 92' lang='lat' dir='ltr'>Achilles</span> <span class='ocrx_word' id='word_1_65' title='bbox 1718 967 1732 1011; x_wconf 78' lang='lat'>3</span> 
     </span>
     <span class='ocr_line' id='line_1_11' title="bbox 229 1031 1541 1092; baseline -0.002 -11"><span class='ocrx_word' id='word_1_66' title='bbox 229 1031 470 1081; x_wconf 87' lang='lat' dir='ltr'>classibus</span> <span class='ocrx_word' id='word_1_67' title='bbox 506 1031 588 1080; x_wconf 95' lang='lat' dir='ltr'>hic</span> <span class='ocrx_word' id='word_1_68' title='bbox 625 1034 778 1092; x_wconf 88' lang='lat' dir='ltr'>locus,</span> <span class='ocrx_word' id='word_1_69' title='bbox 820 1031 902 1079; x_wconf 90' lang='lat' dir='ltr'>hic</span> <span class='ocrx_word' id='word_1_70' title='bbox 938 1031 1043 1080; x_wconf 89' lang='lat' dir='ltr'>acie</span> <span class='ocrx_word' id='word_1_71' title='bbox 1081 1040 1265 1080; x_wconf 91' lang='lat' dir='ltr'>certare</span> <span class='ocrx_word' id='word_1_72' title='bbox 1302 1031 1541 1079; x_wconf 90' lang='lat' dir='ltr'>solebant.</span> 
     </span>
     <span class='ocr_line' id='line_1_12' title="bbox 228 1111 1568 1177; baseline -0.002 -15"><span class='ocrx_word' id='word_1_73' title='bbox 228 1130 339 1177; x_wconf 91' lang='lat' dir='ltr'>pars</span> <span class='ocrx_word' id='word_1_74' title='bbox 377 1122 541 1177; x_wconf 88' lang='lat' dir='ltr'>stupet</span> <span class='ocrx_word' id='word_1_75' title='bbox 578 1113 817 1177; x_wconf 83' lang='lat' dir='ltr'>innuptae</span> <span class='ocrx_word' id='word_1_76' title='bbox 853 1114 1044 1161; x_wconf 90' lang='lat' dir='ltr'>donum</span> <span class='ocrx_word' id='word_1_77' title='bbox 1082 1111 1274 1160; x_wconf 82' lang='lat' dir='ltr'>exitiale</span> <span class='ocrx_word' id='word_1_78' title='bbox 1313 1111 1568 1160; x_wconf 86' lang='lat' dir='ltr'>Minervae</span> 
     </span>
     <span class='ocr_line' id='line_1_13' title="bbox 228 1193 1631 1257; baseline -0.001 -14"><span class='ocrx_word' id='word_1_79' title='bbox 228 1204 276 1244; x_wconf 93' lang='lat' dir='ltr'>et</span> <span class='ocrx_word' id='word_1_80' title='bbox 315 1196 499 1244; x_wconf 91' lang='lat' dir='ltr'>molem</span> <span class='ocrx_word' id='word_1_81' title='bbox 537 1194 775 1243; x_wconf 90' lang='lat' dir='ltr'>mirantur</span> <span class='ocrx_word' id='word_1_82' title='bbox 811 1193 926 1257; x_wconf 88' lang='lat' dir='ltr'>equi</span> <span class='ocrx_word' id='word_1_83' title='bbox 946 1213 959 1254; x_wconf 83' lang='lat'><em>3</em></span> <span class='ocrx_word' id='word_1_84' title='bbox 1003 1193 1290 1256; x_wconf 88' lang='lat' dir='ltr'>primusque</span> <span class='ocrx_word' id='word_1_85' title='bbox 1327 1195 1631 1255; x_wconf 87' lang='lat' dir='ltr'>Thymoetes</span> 
     </span>
     <span class='ocr_line' id='line_1_14' title="bbox 228 1275 1403 1335; baseline -0.003 -10"><span class='ocrx_word' id='word_1_86' title='bbox 228 1276 347 1326; x_wconf 92' lang='lat' dir='ltr'>duci</span> <span class='ocrx_word' id='word_1_87' title='bbox 383 1276 508 1325; x_wconf 91' lang='lat' dir='ltr'>intra</span> <span class='ocrx_word' id='word_1_88' title='bbox 546 1293 712 1324; x_wconf 87' lang='lat' dir='ltr'>muros</span> <span class='ocrx_word' id='word_1_89' title='bbox 750 1277 971 1324; x_wconf 87' lang='lat' dir='ltr'>hortatur</span> <span class='ocrx_word' id='word_1_90' title='bbox 1008 1284 1056 1324; x_wconf 88' lang='lat' dir='ltr'>et</span> <span class='ocrx_word' id='word_1_91' title='bbox 1093 1293 1203 1324; x_wconf 90' lang='lat' dir='ltr'>arce</span> <span class='ocrx_word' id='word_1_92' title='bbox 1242 1275 1403 1335; x_wconf 90' lang='lat' dir='ltr'>locari,</span> 
     </span>
     <span class='ocr_line' id='line_1_15' title="bbox 228 1356 1474 1407; baseline -0.002 0"><span class='ocrx_word' id='word_1_93' title='bbox 228 1358 330 1407; x_wconf 87' lang='lat' dir='ltr'>sive</span> <span class='ocrx_word' id='word_1_94' title='bbox 367 1359 486 1407; x_wconf 93' lang='lat' dir='ltr'>dolo</span> <span class='ocrx_word' id='word_1_95' title='bbox 523 1374 611 1406; x_wconf 93' lang='lat' dir='ltr'>seu</span> <span class='ocrx_word' id='word_1_96' title='bbox 647 1357 744 1406; x_wconf 90' lang='lat' dir='ltr'>iam</span> <span class='ocrx_word' id='word_1_97' title='bbox 782 1356 961 1406; x_wconf 90' lang='lat' dir='ltr'>Troiae</span> <span class='ocrx_word' id='word_1_98' title='bbox 998 1356 1067 1406; x_wconf 89' lang='lat' dir='ltr'>sic</span> <span class='ocrx_word' id='word_1_99' title='bbox 1105 1359 1202 1405; x_wconf 88' lang='lat' dir='ltr'>fata</span> <span class='ocrx_word' id='word_1_100' title='bbox 1239 1357 1474 1405; x_wconf 90' lang='lat' dir='ltr'>ferebant.</span> 
     </span>
     <span class='ocr_line' id='line_1_16' title="bbox 226 1437 1528 1502; baseline -0.002 -14"><span class='ocrx_word' id='word_1_101' title='bbox 226 1449 276 1488; x_wconf 91' lang='lat' dir='ltr'>at</span> <span class='ocrx_word' id='word_1_102' title='bbox 316 1440 492 1502; x_wconf 89' lang='lat' dir='ltr'>Capys,</span> <span class='ocrx_word' id='word_1_103' title='bbox 535 1448 583 1487; x_wconf 93' lang='lat' dir='ltr'>et</span> <span class='ocrx_word' id='word_1_104' title='bbox 620 1455 832 1501; x_wconf 89' lang='lat' dir='ltr'>quorum</span> <span class='ocrx_word' id='word_1_105' title='bbox 870 1438 1043 1498; x_wconf 85' lang='lat' dir='ltr'>melior</span> <span class='ocrx_word' id='word_1_106' title='bbox 1080 1437 1323 1486; x_wconf 89' lang='lat' dir='ltr'>sententia</span> <span class='ocrx_word' id='word_1_107' title='bbox 1361 1437 1528 1498; x_wconf 89' lang='lat' dir='ltr'>menti,</span> 
     </span>
     <span class='ocr_line' id='line_1_17' title="bbox 227 1519 1573 1585; baseline -0.001 -15"><span class='ocrx_word' id='word_1_108' title='bbox 227 1531 311 1571; x_wconf 86' lang='lat' dir='ltr'>aut</span> <span class='ocrx_word' id='word_1_109' title='bbox 348 1523 524 1585; x_wconf 87' lang='lat' dir='ltr'>pelago</span> <span class='ocrx_word' id='word_1_110' title='bbox 563 1523 796 1569; x_wconf 89' lang='lat' dir='ltr'>Danaum</span> <span class='ocrx_word' id='word_1_111' title='bbox 833 1519 1034 1569; x_wconf 86' lang='lat' dir='ltr'>insidias</span> <span class='ocrx_word' id='word_1_112' title='bbox 1072 1528 1402 1583; x_wconf 89' lang='lat' dir='ltr'>suspectaque</span> <span class='ocrx_word' id='word_1_113' title='bbox 1439 1522 1573 1569; x_wconf 91' lang='lat' dir='ltr'>dona</span> 
     </span>
     <span class='ocr_line' id='line_1_18' title="bbox 227 1602 1568 1668; baseline -0.001 -16"><span class='ocrx_word' id='word_1_114' title='bbox 227 1603 549 1668; x_wconf 89' lang='lat' dir='ltr'>praecipitare</span> <span class='ocrx_word' id='word_1_115' title='bbox 586 1602 760 1652; x_wconf 91' lang='lat' dir='ltr'>iubent</span> <span class='ocrx_word' id='word_1_116' title='bbox 797 1602 1131 1666; x_wconf 88' lang='lat' dir='ltr'>subiectisque</span> <span class='ocrx_word' id='word_1_117' title='bbox 1169 1619 1307 1651; x_wconf 91' lang='lat' dir='ltr'>urere</span> <span class='ocrx_word' id='word_1_118' title='bbox 1344 1602 1568 1662; x_wconf 89' lang='lat' dir='ltr'>flammis,</span> 
     </span>
     <span class='ocr_line' id='line_1_19' title="bbox 227 1684 1561 1748; baseline -0.002 -13"><span class='ocrx_word' id='word_1_119' title='bbox 227 1696 312 1735; x_wconf 85' lang='lat' dir='ltr'>aut</span> <span class='ocrx_word' id='word_1_120' title='bbox 349 1686 594 1735; x_wconf 89' lang='lat' dir='ltr'>terebrare</span> <span class='ocrx_word' id='word_1_121' title='bbox 631 1702 774 1734; x_wconf 90' lang='lat' dir='ltr'>cavas</span> <span class='ocrx_word' id='word_1_122' title='bbox 812 1684 936 1734; x_wconf 92' lang='lat' dir='ltr'>uteri</span> <span class='ocrx_word' id='word_1_123' title='bbox 974 1694 1022 1734; x_wconf 90' lang='lat' dir='ltr'>et</span> <span class='ocrx_word' id='word_1_124' title='bbox 1060 1694 1300 1748; x_wconf 89' lang='lat' dir='ltr'>temptare</span> <span class='ocrx_word' id='word_1_125' title='bbox 1338 1685 1561 1733; x_wconf 91' lang='lat' dir='ltr'>latebras.</span> 
     </span>
     <span class='ocr_line' id='line_1_20' title="bbox 228 1767 1539 1832; baseline -0.002 -14"><span class='ocrx_word' id='word_1_126' title='bbox 228 1769 467 1818; x_wconf 85' lang='lat' dir='ltr'>scinditur</span> <span class='ocrx_word' id='word_1_127' title='bbox 503 1768 746 1818; x_wconf 91' lang='lat' dir='ltr'>incertum</span> <span class='ocrx_word' id='word_1_128' title='bbox 785 1768 948 1817; x_wconf 91' lang='lat' dir='ltr'>studia</span> <span class='ocrx_word' id='word_1_129' title='bbox 986 1768 1036 1816; x_wconf 91' lang='lat' dir='ltr'>in</span> <span class='ocrx_word' id='word_1_130' title='bbox 1074 1767 1317 1819; x_wconf 89' lang='lat' dir='ltr'>contraria</span> <span class='ocrx_word' id='word_1_131' title='bbox 1353 1769 1539 1832; x_wconf 87' lang='lat' dir='ltr'>vulgus.</span> 
     </span>
    </p>

    <p class='ocr_par' dir='ltr' id='par_1_3' title="bbox 222 1848 1700 2812">
     <span class='ocr_line' id='line_1_21' title="bbox 297 1848 1700 1913; baseline 0 -15"><span class='ocrx_word' id='word_1_132' title='bbox 297 1850 489 1898; x_wconf 89' lang='lat' dir='ltr'>Primus</span> <span class='ocrx_word' id='word_1_133' title='bbox 527 1849 596 1899; x_wconf 89' lang='lat' dir='ltr'>ibi</span> <span class='ocrx_word' id='word_1_134' title='bbox 631 1859 748 1898; x_wconf 91' lang='lat' dir='ltr'>ante</span> <span class='ocrx_word' id='word_1_135' title='bbox 784 1849 946 1898; x_wconf 90' lang='lat' dir='ltr'>omnis</span> <span class='ocrx_word' id='word_1_136' title='bbox 984 1866 1163 1913; x_wconf 86' lang='lat' dir='ltr'>magna</span> <span class='ocrx_word' id='word_1_137' title='bbox 1200 1848 1469 1898; x_wconf 89' lang='lat' dir='ltr'>comitante</span> <span class='ocrx_word' id='word_1_138' title='bbox 1506 1857 1700 1898; x_wconf 90' lang='lat' dir='ltr'>caterva</span> 
     </span>
     <span class='ocr_line' id='line_1_22' title="bbox 229 1931 1426 1990; baseline -0.002 -9"><span class='ocrx_word' id='word_1_139' title='bbox 229 1935 467 1982; x_wconf 89' lang='lat' dir='ltr'>Laocoon</span> <span class='ocrx_word' id='word_1_140' title='bbox 504 1933 682 1981; x_wconf 92' lang='lat' dir='ltr'>ardens</span> <span class='ocrx_word' id='word_1_141' title='bbox 720 1949 914 1980; x_wconf 88' lang='lat' dir='ltr'>summa</span> <span class='ocrx_word' id='word_1_142' title='bbox 951 1931 1165 1980; x_wconf 88' lang='lat' dir='ltr'>decurrit</span> <span class='ocrx_word' id='word_1_143' title='bbox 1201 1931 1264 1980; x_wconf 91' lang='lat' dir='ltr'>ab</span> <span class='ocrx_word' id='word_1_144' title='bbox 1302 1948 1426 1990; x_wconf 87' lang='lat' dir='ltr'>arce,</span> 
     </span>
     <span class='ocr_line' id='line_1_23' title="bbox 227 2012 1593 2078; baseline -0.001 -15"><span class='ocrx_word' id='word_1_145' title='bbox 227 2024 275 2064; x_wconf 92' lang='lat' dir='ltr'>et</span> <span class='ocrx_word' id='word_1_146' title='bbox 312 2016 484 2078; x_wconf 94' lang='lat' dir='ltr'>procul</span> <span class='ocrx_word' id='word_1_147' title='bbox 526 2018 583 2063; x_wconf 85' lang='lat' dir='ltr'>‘o</span> <span class='ocrx_word' id='word_1_148' title='bbox 620 2013 798 2074; x_wconf 90' lang='lat' dir='ltr'>miseri,</span> <span class='ocrx_word' id='word_1_149' title='bbox 840 2031 966 2077; x_wconf 89' lang='lat' dir='ltr'>quae</span> <span class='ocrx_word' id='word_1_150' title='bbox 1004 2022 1140 2062; x_wconf 92' lang='lat' dir='ltr'>tanta</span> <span class='ocrx_word' id='word_1_151' title='bbox 1176 2012 1381 2073; x_wconf 89' lang='lat' dir='ltr'>insania,</span> <span class='ocrx_word' id='word_1_152' title='bbox 1421 2012 1593 2062; x_wconf 87' lang='lat' dir='ltr'>cives?</span> 
     </span>
     <span class='ocr_line' id='line_1_24' title="bbox 226 2093 1377 2158; baseline -0.003 -13"><span class='ocrx_word' id='word_1_153' title='bbox 226 2096 423 2146; x_wconf 90' lang='lat' dir='ltr'>creditis</span> <span class='ocrx_word' id='word_1_154' title='bbox 461 2105 659 2144; x_wconf 90' lang='lat' dir='ltr'>avectos</span> <span class='ocrx_word' id='word_1_155' title='bbox 697 2094 893 2143; x_wconf 86' lang='lat' dir='ltr'>hostis?</span> <span class='ocrx_word' id='word_1_156' title='bbox 940 2104 1024 2143; x_wconf 90' lang='lat' dir='ltr'>aut</span> <span class='ocrx_word' id='word_1_157' title='bbox 1061 2096 1160 2143; x_wconf 93' lang='lat' dir='ltr'>ulla</span> <span class='ocrx_word' id='word_1_158' title='bbox 1196 2093 1377 2158; x_wconf 90' lang='lat' dir='ltr'>putatis</span> 
     </span>
     <span class='ocr_line' id='line_1_25' title="bbox 225 2175 1587 2227; baseline -0.002 -1"><span class='ocrx_word' id='word_1_159' title='bbox 225 2179 360 2227; x_wconf 93' lang='lat' dir='ltr'>dona</span> <span class='ocrx_word' id='word_1_160' title='bbox 397 2194 560 2226; x_wconf 91' lang='lat' dir='ltr'>carere</span> <span class='ocrx_word' id='word_1_161' title='bbox 597 2176 724 2225; x_wconf 88' lang='lat' dir='ltr'>dolis</span> <span class='ocrx_word' id='word_1_162' title='bbox 764 2179 1037 2224; x_wconf 91' lang='lat' dir='ltr'>Danaum?</span> <span class='ocrx_word' id='word_1_163' title='bbox 1087 2175 1156 2224; x_wconf 88' lang='lat' dir='ltr'>sic</span> <span class='ocrx_word' id='word_1_164' title='bbox 1194 2184 1341 2224; x_wconf 89' lang='lat' dir='ltr'>notus</span> <span class='ocrx_word' id='word_1_165' title='bbox 1378 2175 1587 2224; x_wconf 87' lang='lat' dir='ltr'>Vlixes?</span> 
     </span>
     <span class='ocr_line' id='line_1_26' title="bbox 223 2256 1407 2320; baseline -0.003 -13"><span class='ocrx_word' id='word_1_166' title='bbox 223 2267 308 2307; x_wconf 89' lang='lat' dir='ltr'>aut</span> <span class='ocrx_word' id='word_1_167' title='bbox 346 2260 442 2306; x_wconf 95' lang='lat' dir='ltr'>hoc</span> <span class='ocrx_word' id='word_1_168' title='bbox 479 2256 656 2306; x_wconf 88' lang='lat' dir='ltr'>inclusi</span> <span class='ocrx_word' id='word_1_169' title='bbox 694 2257 827 2320; x_wconf 86' lang='lat' dir='ltr'>ligno</span> <span class='ocrx_word' id='word_1_170' title='bbox 867 2258 1178 2306; x_wconf 88' lang='lat' dir='ltr'>occultantur</span> <span class='ocrx_word' id='word_1_171' title='bbox 1214 2256 1407 2316; x_wconf 88' lang='lat' dir='ltr'>Achivi,</span> 
     </span>
     <span class='ocr_line' id='line_1_27' title="bbox 223 2338 1655 2398; baseline -0.002 -9"><span class='ocrx_word' id='word_1_172' title='bbox 223 2350 307 2389; x_wconf 90' lang='lat' dir='ltr'>aut</span> <span class='ocrx_word' id='word_1_173' title='bbox 344 2342 466 2388; x_wconf 92' lang='lat' dir='ltr'>haec</span> <span class='ocrx_word' id='word_1_174' title='bbox 503 2339 555 2387; x_wconf 92' lang='lat' dir='ltr'>in</span> <span class='ocrx_word' id='word_1_175' title='bbox 591 2348 786 2388; x_wconf 88' lang='lat' dir='ltr'>nostros</span> <span class='ocrx_word' id='word_1_176' title='bbox 825 2338 1061 2388; x_wconf 86' lang='lat' dir='ltr'>fabricata</span> <span class='ocrx_word' id='word_1_177' title='bbox 1099 2348 1172 2388; x_wconf 88' lang='lat' dir='ltr'>est</span> <span class='ocrx_word' id='word_1_178' title='bbox 1210 2338 1440 2387; x_wconf 92' lang='lat' dir='ltr'>machina</span> <span class='ocrx_word' id='word_1_179' title='bbox 1476 2354 1655 2398; x_wconf 90' lang='lat' dir='ltr'>muros,</span> 
     </span>
     <span class='ocr_line' id='line_1_28' title="bbox 224 2419 1474 2486; baseline -0.002 -16"><span class='ocrx_word' id='word_1_180' title='bbox 224 2422 504 2486; x_wconf 88' lang='lat' dir='ltr'>inspectura</span> <span class='ocrx_word' id='word_1_181' title='bbox 540 2423 719 2470; x_wconf 91' lang='lat' dir='ltr'>domos</span> <span class='ocrx_word' id='word_1_182' title='bbox 760 2430 1066 2484; x_wconf 86' lang='lat' dir='ltr'>venturaque</span> <span class='ocrx_word' id='word_1_183' title='bbox 1105 2422 1318 2484; x_wconf 88' lang='lat' dir='ltr'>desuper</span> <span class='ocrx_word' id='word_1_184' title='bbox 1354 2419 1474 2479; x_wconf 93' lang='lat' dir='ltr'>urbi,</span> 
     </span>
     <span class='ocr_line' id='line_1_29' title="bbox 222 2501 1627 2567; baseline -0.001 -15"><span class='ocrx_word' id='word_1_185' title='bbox 222 2512 306 2552; x_wconf 89' lang='lat' dir='ltr'>aut</span> <span class='ocrx_word' id='word_1_186' title='bbox 342 2502 518 2566; x_wconf 91' lang='lat' dir='ltr'>aliquis</span> <span class='ocrx_word' id='word_1_187' title='bbox 556 2505 674 2554; x_wconf 89' lang='lat' dir='ltr'>latet</span> <span class='ocrx_word' id='word_1_188' title='bbox 712 2521 877 2564; x_wconf 82' lang='lat' dir='ltr'>error;</span> <span class='ocrx_word' id='word_1_189' title='bbox 927 2520 1057 2567; x_wconf 90' lang='lat' dir='ltr'>equo</span> <span class='ocrx_word' id='word_1_190' title='bbox 1095 2520 1159 2552; x_wconf 93' lang='lat' dir='ltr'>ne</span> <span class='ocrx_word' id='word_1_191' title='bbox 1195 2502 1394 2562; x_wconf 89' lang='lat' dir='ltr'>credite,</span> <span class='ocrx_word' id='word_1_192' title='bbox 1434 2501 1627 2551; x_wconf 90' lang='lat' dir='ltr'>Teucri.</span> 
     </span>
     <span class='ocr_line' id='line_1_30' title="bbox 224 2582 1641 2647; baseline -0.001 -15"><span class='ocrx_word' id='word_1_193' title='bbox 224 2583 468 2647; x_wconf 88' lang='lat' dir='ltr'>quidquid</span> <span class='ocrx_word' id='word_1_194' title='bbox 506 2583 557 2633; x_wconf 93' lang='lat' dir='ltr'>id</span> <span class='ocrx_word' id='word_1_195' title='bbox 595 2594 682 2644; x_wconf 86' lang='lat' dir='ltr'>est,</span> <span class='ocrx_word' id='word_1_196' title='bbox 725 2585 876 2635; x_wconf 92' lang='lat' dir='ltr'>timeo</span> <span class='ocrx_word' id='word_1_197' title='bbox 917 2589 1119 2634; x_wconf 90' lang='lat' dir='ltr'>Danaos</span> <span class='ocrx_word' id='word_1_198' title='bbox 1158 2594 1206 2634; x_wconf 93' lang='lat' dir='ltr'>et</span> <span class='ocrx_word' id='word_1_199' title='bbox 1243 2587 1376 2634; x_wconf 90' lang='lat' dir='ltr'>dona</span> <span class='ocrx_word' id='word_1_200' title='bbox 1412 2582 1641 2633; x_wconf 91' lang='lat' dir='ltr'>ferentis.&#39;</span> 
     </span>
     <span class='ocr_line' id='line_1_31' title="bbox 224 2665 1410 2730; baseline -0.001 -16"><span class='ocrx_word' id='word_1_201' title='bbox 224 2665 292 2714; x_wconf 88' lang='lat' dir='ltr'>sic</span> <span class='ocrx_word' id='word_1_202' title='bbox 330 2667 457 2714; x_wconf 88' lang='lat' dir='ltr'>fatus</span> <span class='ocrx_word' id='word_1_203' title='bbox 494 2665 667 2715; x_wconf 89' lang='lat' dir='ltr'>validis</span> <span class='ocrx_word' id='word_1_204' title='bbox 708 2667 960 2730; x_wconf 87' lang='lat' dir='ltr'>ingentem</span> <span class='ocrx_word' id='word_1_205' title='bbox 998 2667 1181 2716; x_wconf 89' lang='lat' dir='ltr'>viribus</span> <span class='ocrx_word' id='word_1_206' title='bbox 1219 2668 1410 2714; x_wconf 87' lang='lat' dir='ltr'>hastam</span> 
     </span>
     <span class='ocr_line' id='line_1_32' title="bbox 224 2746 1544 2812; baseline 0.001 -18"><span class='ocrx_word' id='word_1_207' title='bbox 224 2746 274 2795; x_wconf 88' lang='lat' dir='ltr'>in</span> <span class='ocrx_word' id='word_1_208' title='bbox 310 2749 435 2796; x_wconf 90' lang='lat' dir='ltr'>latus</span> <span class='ocrx_word' id='word_1_209' title='bbox 475 2748 625 2812; x_wconf 89' lang='lat' dir='ltr'>inque</span> <span class='ocrx_word' id='word_1_210' title='bbox 658 2748 745 2797; x_wconf 90' lang='lat' dir='ltr'>feri</span> <span class='ocrx_word' id='word_1_211' title='bbox 785 2766 983 2798; x_wconf 91' lang='lat' dir='ltr'>curvam</span> <span class='ocrx_word' id='word_1_212' title='bbox 1021 2747 1343 2812; x_wconf 85' lang='lat' dir='ltr'>compagibus</span> <span class='ocrx_word' id='word_1_213' title='bbox 1379 2749 1544 2796; x_wconf 92' lang='lat' dir='ltr'>alvum</span> 
     </span>
    </p>
   </div>
   <div class='ocr_carea' id='block_1_3' title="bbox 1858 643 1908 685">
    <p class='ocr_par' dir='ltr' id='par_1_4' title="bbox 1858 643 1908 685">
     <span class='ocr_line' id='line_1_33' title="bbox 1858 643 1908 685; baseline 0 0"><span class='ocrx_word' id='word_1_214' title='bbox 1858 643 1908 685; x_wconf 88' lang='lat'>25</span> 
     </span>
    </p>
   </div>
   <div class='ocr_carea' id='block_1_4' title="bbox 1855 1051 1908 1090">
    <p class='ocr_par' dir='ltr' id='par_1_5' title="bbox 1855 1051 1908 1090">
     <span class='ocr_line' id='line_1_34' title="bbox 1855 1051 1908 1090; baseline 0 -10"><span class='ocrx_word' id='word_1_215' title='bbox 1855 1051 1908 1090; x_wconf 82' lang='lat'>30</span> 
     </span>
    </p>
   </div>
   <div class='ocr_carea' id='block_1_5' title="bbox 1855 1457 1907 1498">
    <p class='ocr_par' dir='ltr' id='par_1_6' title="bbox 1855 1457 1907 1498">
     <span class='ocr_line' id='line_1_35' title="bbox 1855 1457 1907 1498; baseline 0.038 -2"><span class='ocrx_word' id='word_1_216' title='bbox 1855 1457 1907 1498; x_wconf 83' lang='lat'>35</span> 
     </span>
    </p>
   </div>
   <div class='ocr_carea' id='block_1_6' title="bbox 1850 1870 1906 1910">
    <p class='ocr_par' dir='ltr' id='par_1_7' title="bbox 1850 1870 1906 1910">
     <span class='ocr_line' id='line_1_36' title="bbox 1850 1870 1906 1910; baseline 0 -11"><span class='ocrx_word' id='word_1_217' title='bbox 1850 1870 1906 1910; x_wconf 88' lang='lat'>40</span> 
     </span>
    </p>
   </div>
   <div class='ocr_carea' id='block_1_7' title="bbox 1849 2277 1900 2317">
    <p class='ocr_par' dir='ltr' id='par_1_8' title="bbox 1849 2277 1900 2317">
     <span class='ocr_line' id='line_1_37' title="bbox 1849 2277 1900 2317; baseline 0 0"><span class='ocrx_word' id='word_1_218' title='bbox 1849 2277 1900 2317; x_wconf 91' lang='lat'>45</span> 
     </span>
    </p>
   </div>
   <div class='ocr_carea' id='block_1_8' title="bbox 1847 2686 1899 2726">
    <p class='ocr_par' dir='ltr' id='par_1_9' title="bbox 1847 2686 1899 2726">
     <span class='ocr_line' id='line_1_38' title="bbox 1847 2686 1899 2726; baseline 0 -12"><span class='ocrx_word' id='word_1_219' title='bbox 1847 2686 1899 2726; x_wconf 85' lang='lat'>50</span> 
     </span>
    </p>
   </div>
   <div class='ocr_carea' id='block_1_9' title="bbox 223 2889 1901 2997">
    <p class='ocr_par' dir='ltr' id='par_1_10' title="bbox 223 2889 1901 2997">
     <span class='ocr_line' id='line_1_39' title="bbox 279 2889 1901 2945; baseline -0.001 -15"><span class='ocrx_word' id='word_1_220' title='bbox 279 2903 410 2941; x_wconf 83' lang='lat'><strong>21—51</strong></span> <span class='ocrx_word' id='word_1_221' title='bbox 437 2891 568 2931; x_wconf 83' lang='lat' dir='ltr'>MPR</span> <span class='ocrx_word' id='word_1_222' title='bbox 740 2905 794 2942; x_wconf 85' lang='lat'>30</span> <span class='ocrx_word' id='word_1_223' title='bbox 815 2893 928 2932; x_wconf 87' lang='lat' dir='ltr'>acies</span> <span class='ocrx_word' id='word_1_224' title='bbox 949 2892 1116 2945; x_wconf 71' lang='lat' dir='ltr'>72bcm7r</span> <span class='ocrx_word' id='word_1_225' title='bbox 1136 2892 1251 2931; x_wconf 77' lang='lat' dir='ltr'>Serv.</span> <span class='ocrx_word' id='word_1_226' title='bbox 1406 2904 1457 2941; x_wconf 87' lang='lat'>37</span> <span class='ocrx_word' id='word_1_227' title='bbox 1479 2891 1595 2930; x_wconf 88' lang='lat' dir='ltr'>iubet</span> <span class='ocrx_word' id='word_1_228' title='bbox 1615 2889 1703 2940; x_wconf 73' lang='lat' dir='ltr'>P²7</span> <span class='ocrx_word' id='word_1_229' title='bbox 1733 2889 1901 2929; x_wconf 76' lang='lat' dir='ltr'>Nonius</span> 
     </span>
     <span class='ocr_line' id='line_1_40' title="bbox 223 2945 1901 2997; baseline -0.001 -13"><span class='ocrx_word' id='word_1_230' title='bbox 223 2947 483 2987; x_wconf 87' lang='lat' dir='ltr'>subiectisue</span> <span class='ocrx_word' id='word_1_231' title='bbox 519 2947 674 2997; x_wconf 79' lang='lat' dir='ltr'>Heyne,</span> <span class='ocrx_word' id='word_1_232' title='bbox 714 2947 828 2997; x_wconf 87' lang='lat' dir='ltr'>quod</span> <span class='ocrx_word' id='word_1_233' title='bbox 851 2948 972 2986; x_wconf 78' lang='lat' dir='ltr'>etiam</span> <span class='ocrx_word' id='word_1_234' title='bbox 1009 2947 1206 2997; x_wconf 77' lang='lat' dir='ltr'>‘antiqua</span> <span class='ocrx_word' id='word_1_235' title='bbox 1245 2945 1515 2997; x_wconf 74' lang='lat' dir='ltr'>exemplam&#39;a’</span> <span class='ocrx_word' id='word_1_236' title='bbox 1555 2945 1693 2997; x_wconf 79' lang='lat' dir='ltr'>legisse</span> <span class='ocrx_word' id='word_1_237' title='bbox 1730 2949 1901 2985; x_wconf 85' lang='lat' dir='ltr'>testatur</span> 
     </span>
    </p>
   </div>
   <div class='ocr_carea' id='block_1_10' title="bbox 221 3000 1039 3052">
    <p class='ocr_par' dir='ltr' id='par_1_11' title="bbox 221 3000 1039 3052">
     <span class='ocr_line' id='line_1_41' title="bbox 221 3000 1039 3052; baseline 0.001 -13"><span class='ocrx_word' id='word_1_238' title='bbox 221 3000 335 3040; x_wconf 83' lang='lat' dir='ltr'>Serv.</span> <span class='ocrx_word' id='word_1_239' title='bbox 510 3005 563 3051; x_wconf 87' lang='lat'>38</span> <span class='ocrx_word' id='word_1_240' title='bbox 595 3007 716 3040; x_wconf 89' lang='lat' dir='ltr'>utero</span> <span class='ocrx_word' id='word_1_241' title='bbox 738 3001 794 3039; x_wconf 89' lang='grc' dir='ltr'>Ρ1</span> <span class='ocrx_word' id='word_1_242' title='bbox 815 3001 1039 3052; x_wconf 81' lang='lat' dir='ltr'>Pompeius</span> 
     </span>
    </p>
   </div>
  </div>
 </body>
</html>
