2020 3372
224 130 276 177 P.
317 130 615 177 VERGILI
655 128 980 177 MARONIS

223 276 271 315 et
308 266 473 316 studio
509 266 758 315 incassum
794 266 962 315 videas
998 264 1175 329 gestire
1210 264 1420 315 lavandi.

223 358 329 396 tum
367 348 536 397 cornix
572 351 719 412 plena
755 348 971 411 pluviam
1009 357 1154 397 vocat
1189 347 1419 411 improba
1452 364 1576 397 voce

222 438 270 478 et
308 432 413 479 sola
447 429 499 478 in
536 429 666 478 sicca
702 446 871 477 secum
909 428 1144 491 spatiatur
1180 430 1375 478 harena.

223 528 287 560 ne
324 520 568 560 nocturna
605 511 809 574 quidem
847 520 1104 574 carpentes
1140 527 1297 574 pensa
1332 512 1526 574 puellae

222 592 473 641 nescivere
510 592 741 652 hiemem,
782 601 907 641 testa
943 610 1058 641 cum
1094 594 1299 641 ardente
1335 591 1559 640 viderent

222 673 486 722 scintillare
523 675 689 722 oleum
727 682 775 722 et
811 673 965 737 putris
1008 690 1326 722 concrescere
1362 675 1553 735 fungos.

291 758 399 804 Nec
437 755 601 804 minus
638 773 697 804 ex
732 755 879 804 imbri
916 757 1044 804 soles
1081 764 1129 803 et
1165 763 1333 818 aperta
1369 770 1542 802 serena

220 836 502 900 prospicere
539 846 587 885 et
623 837 767 885 certis
803 837 987 899 poteris
1025 853 1324 900 cognoscere
1362 835 1543 898 signis:

220 937 335 968 nam
373 937 537 983 neque
573 929 679 968 tum
716 920 868 968 stellis
904 919 1034 968 acies
1072 905 1286 968 obtunsa
1320 918 1526 977 videtur,

221 1018 313 1050 nec
350 1002 507 1050 fratris
544 1001 691 1051 radiis
729 1001 946 1050 obnoxia
982 1017 1178 1064 surgere
1216 1003 1372 1060 Luna,

219 1083 388 1132 tenuia
424 1100 516 1132 nec
553 1085 695 1132 lanae
731 1100 818 1146 per
854 1085 1047 1131 caelum
1083 1084 1262 1130 vellera
1297 1080 1408 1129 ferri
1425 1099 1438 1142 3

219 1180 321 1212 non
358 1163 584 1226 tepidum
620 1166 686 1212 ad
723 1166 878 1212 solem
915 1180 1105 1226 pennas
1142 1162 1194 1210 in
1230 1162 1371 1210 litore
1406 1162 1634 1224 pandunt

219 1244 430 1294 dilectae
466 1244 671 1294 Thetidi
706 1247 952 1307 alcyones,
993 1261 1095 1292 non
1133 1260 1216 1292 ore
1254 1245 1441 1292 solutos

218 1326 466 1375 immundi
503 1326 773 1375 meminere
811 1343 922 1375 sues
959 1326 1138 1374 iactare
1175 1324 1434 1387 maniplos·

216 1416 267 1455 at
303 1408 516 1456 nebulae
553 1407 707 1470 magis
744 1407 844 1455 ima
879 1415 1054 1470 petunt
1092 1422 1370 1469 campoque
1406 1406 1715 1464 recumbunt,

218 1488 333 1537 solis
371 1498 419 1537 et
456 1505 689 1537 occasum
727 1505 923 1537 servans
961 1490 1025 1536 de
1061 1487 1278 1536 culmine
1314 1503 1511 1536 summo

217 1569 521 1633 nequiquam
559 1586 692 1618 seros
731 1577 923 1617 exercet
959 1577 1144 1617 noctua
1179 1576 1366 1616 cantus.

216 1660 419 1714 apparet
455 1650 648 1714 liquido
686 1650 910 1698 sublimis
947 1650 998 1697 in
1034 1653 1146 1698 aere
1184 1648 1348 1709 Nisus,

217 1741 264 1779 et
301 1748 390 1795 pro
427 1748 674 1795 purpureo
711 1748 898 1795 poenas
936 1732 1021 1779 dat
1058 1732 1219 1793 Scylla
1254 1729 1465 1799 capillo:

217 1830 533 1876 quacumque
569 1812 652 1860 illa
688 1815 847 1861 levem
884 1812 1076 1875 fugiens
1114 1821 1247 1860 secat
1283 1814 1483 1860 aethera
1517 1811 1707 1874 pennis,

216 1911 333 1942 ecce
370 1894 599 1943 inimicus
624 1903 762 1943 atrox
798 1911 980 1957 magno
1017 1893 1224 1943 stridore
1261 1911 1348 1956 per
1383 1910 1524 1942 auras

215 1974 490 2038 insequitur
528 1975 714 2036 Nisus,
762 1992 860 2038 qua
897 1991 949 2022 se
985 1976 1076 2023 fert
1113 1974 1265 2023 Nisus
1301 1976 1366 2023 ad
1401 1990 1555 2033 auras,

214 2055 297 2104 illa
332 2058 492 2104 levem
529 2056 720 2119 fugiens
757 2055 936 2118 raptim
974 2063 1107 2110 secat
1142 2057 1342 2104 aethera
1376 2054 1566 2117 pennis.

214 2147 322 2186 tum
358 2138 570 2200 liquidas
608 2138 741 2186 corvi
777 2154 948 2200 presso
985 2146 1058 2185 ter
1092 2146 1287 2200 gutture
1323 2154 1469 2186 voces

213 2229 298 2268 aut
335 2230 508 2283 quater
543 2219 861 2283 ingeminant,
903 2228 951 2267 et
988 2235 1135 2282 saepe
1172 2218 1418 2267 cubilibus
1453 2218 1563 2267 altis

214 2300 384 2349 nescio
421 2318 519 2364 qua
555 2310 745 2364 praeter
783 2300 984 2349 solitum
1022 2299 1288 2349 dulcedine
1325 2299 1439 2348 laeti

213 2383 339 2430 inter
375 2399 427 2431 se
463 2383 514 2430 in
550 2382 678 2431 foliis
718 2382 1003 2445 strepitant:
1052 2382 1186 2430 iuvat
1221 2381 1462 2430 imbribus
1497 2380 1619 2430 actis

213 2465 501 2527 progeniem
539 2484 739 2530 parvam
779 2467 1039 2531 dulcisque
1074 2466 1282 2515 revisere
1319 2465 1493 2515 nidos:

213 2549 348 2595 haud
386 2548 621 2610 equidem
660 2551 843 2616 credo,⁸
865 2550 980 2613 quia
1016 2550 1078 2598 sit
1114 2549 1348 2598 divinitus
1385 2548 1478 2596 illis

213 2627 467 2690 ingenium
504 2639 588 2677 aut
626 2647 787 2678 rerum
824 2633 926 2678 fato
962 2630 1226 2693 prudentia
1261 2629 1416 2678 maior
1436 2647 1450 2689 3

211 2727 381 2759 verum
419 2710 505 2759 ubi
543 2720 810 2774 tempestas
848 2721 896 2760 et
932 2711 1055 2760 caeli
1092 2711 1289 2760 mobilis
1326 2727 1469 2759 umor

213 2802 464 2841 mutavere
501 2792 633 2841 vices
672 2802 719 2841 et
759 2793 981 2856 Iuppiter
1017 2793 1194 2842 uvidus
1232 2792 1423 2841 Austris

1817 528 1898 573 390

1814 936 1893 979 395

1812 1343 1895 1384 400

1810 1749 1890 1789 405

1808 2156 1892 2196 410

1807 2568 1886 2608 415

269 2924 461 2971 387-418
495 2922 587 2960 MR
837 2935 915 2970 404
947 2923 1125 2961 aethere
1157 2922 1200 2960 R
1231 2921 1432 2972 Guthling
1559 2921 1640 2970 418
1668 2920 1785 2960 vices
1811 2919 1885 2972 7¹?

212 2976 254 3014 A
262 2977 531 3014 rundelicmus
550 2975 781 3014 Markland
795 2976 989 3016 Ribbeck:
1019 2978 1109 3015 vias
1129 2976 1312 3027 MR-yssbc
1427 2975 1595 3015 umidus
1614 2976 1712 3025 R-yb
