<?xml version="1.0" encoding="UTF-8"?>
<!DOCTYPE html PUBLIC "-//W3C//DTD XHTML 1.0 Transitional//EN"
    "http://www.w3.org/TR/xhtml1/DTD/xhtml1-transitional.dtd">
<html xmlns="http://www.w3.org/1999/xhtml" xml:lang="en" lang="en">
 <head>
  <title>
</title>
<meta http-equiv="Content-Type" content="text/html;charset=utf-8" />
  <meta name='ocr-system' content='tesseract 3.04.00' />
  <meta name='ocr-capabilities' content='ocr_page ocr_carea ocr_par ocr_line ocrx_word'/>
</head>
<body>
  <div class='ocr_page' id='page_1' title='image "./operarecognovitb00virguoft_0080.png"; bbox 0 0 2046 3380; ppageno 0'>
   <div class='ocr_carea' id='block_1_1' title="bbox 271 145 1027 195">
    <p class='ocr_par' dir='ltr' id='par_1_1' title="bbox 271 145 1027 195">
     <span class='ocr_line' id='line_1_1' title="bbox 271 145 1027 195; baseline -0.001 0"><span class='ocrx_word' id='word_1_1' title='bbox 271 148 323 195; x_wconf 92' lang='lat' dir='ltr'>P.</span> <span class='ocrx_word' id='word_1_2' title='bbox 363 145 662 194; x_wconf 92' lang='lat' dir='ltr'>VERGILI</span> <span class='ocrx_word' id='word_1_3' title='bbox 701 145 1027 194; x_wconf 90' lang='lat' dir='ltr'><strong>MARONIS</strong></span> 
     </span>
    </p>
   </div>
   <div class='ocr_carea' id='block_1_2' title="bbox 266 283 1656 742">
    <p class='ocr_par' dir='ltr' id='par_1_2' title="bbox 267 283 1656 507">
     <span class='ocr_line' id='line_1_2' title="bbox 268 283 1656 349; baseline 0 -16"><span class='ocrx_word' id='word_1_4' title='bbox 268 285 387 334; x_wconf 90' lang='lat' dir='ltr'>hinc</span> <span class='ocrx_word' id='word_1_5' title='bbox 423 285 587 335; x_wconf 89' lang='lat' dir='ltr'>radios</span> <span class='ocrx_word' id='word_1_6' title='bbox 624 284 799 334; x_wconf 81' lang='lat' dir='ltr'><strong>trivere</strong></span> <span class='ocrx_word' id='word_1_7' title='bbox 834 284 966 345; x_wconf 87' lang='lat' dir='ltr'>rotis,</span> <span class='ocrx_word' id='word_1_8' title='bbox 1005 284 1123 334; x_wconf 91' lang='lat' dir='ltr'>hinc</span> <span class='ocrx_word' id='word_1_9' title='bbox 1159 294 1394 348; x_wconf 89' lang='lat' dir='ltr'>tympana</span> <span class='ocrx_word' id='word_1_10' title='bbox 1428 283 1656 349; x_wconf 87' lang='lat' dir='ltr'>plaustris</span> 
     </span>
     <span class='ocr_line' id='line_1_3' title="bbox 267 365 1549 430; baseline -0.001 -15"><span class='ocrx_word' id='word_1_11' title='bbox 267 366 523 430; x_wconf 82' lang='lat' dir='ltr'>agricolae,</span> <span class='ocrx_word' id='word_1_12' title='bbox 563 376 611 415; x_wconf 93' lang='lat' dir='ltr'>et</span> <span class='ocrx_word' id='word_1_13' title='bbox 646 368 838 429; x_wconf 90' lang='lat' dir='ltr'>pandas</span> <span class='ocrx_word' id='word_1_14' title='bbox 880 366 1065 414; x_wconf 89' lang='lat' dir='ltr'>ratibus</span> <span class='ocrx_word' id='word_1_15' title='bbox 1101 382 1311 429; x_wconf 85' lang='lat' dir='ltr'><strong>posuere</strong></span> <span class='ocrx_word' id='word_1_16' title='bbox 1347 365 1549 414; x_wconf 91' lang='lat' dir='ltr'>carinas.</span> 
     </span>
     <span class='ocr_line' id='line_1_4' title="bbox 267 447 1510 507; baseline -0.001 -11"><span class='ocrx_word' id='word_1_17' title='bbox 267 448 534 497; x_wconf 86' lang='lat' dir='ltr'>viminibus</span> <span class='ocrx_word' id='word_1_18' title='bbox 571 447 759 507; x_wconf 82' lang='lat' dir='ltr'>salices,</span> <span class='ocrx_word' id='word_1_19' title='bbox 799 449 1044 496; x_wconf 89' lang='lat' dir='ltr'>fecundae</span> <span class='ocrx_word' id='word_1_20' title='bbox 1079 447 1337 496; x_wconf 88' lang='lat' dir='ltr'>frondibus</span> <span class='ocrx_word' id='word_1_21' title='bbox 1374 447 1510 507; x_wconf 91' lang='lat' dir='ltr'>ulmi,</span> 
     </span>
    </p>

    <p class='ocr_par' dir='ltr' id='par_1_3' title="bbox 266 528 1469 674">
     <span class='ocr_line' id='line_1_5' title="bbox 266 528 1469 592; baseline -0.002 -14"><span class='ocrx_word' id='word_1_22' title='bbox 266 540 316 578; x_wconf 91' lang='lat' dir='ltr'>at</span> <span class='ocrx_word' id='word_1_23' title='bbox 354 539 539 592; x_wconf 89' lang='lat' dir='ltr'>myrtus</span> <span class='ocrx_word' id='word_1_24' title='bbox 575 528 751 577; x_wconf 89' lang='lat' dir='ltr'>validis</span> <span class='ocrx_word' id='word_1_25' title='bbox 788 528 1046 577; x_wconf 90' lang='lat' dir='ltr'>hastilibus</span> <span class='ocrx_word' id='word_1_26' title='bbox 1082 538 1131 577; x_wconf 93' lang='lat' dir='ltr'>et</span> <span class='ocrx_word' id='word_1_27' title='bbox 1166 530 1300 577; x_wconf 93' lang='lat' dir='ltr'>bona</span> <span class='ocrx_word' id='word_1_28' title='bbox 1335 529 1469 576; x_wconf 94' lang='lat' dir='ltr'>bello</span> 
     </span>
     <span class='ocr_line' id='line_1_6' title="bbox 267 610 1463 674; baseline -0.003 -13"><span class='ocrx_word' id='word_1_29' title='bbox 267 629 459 671; x_wconf 89' lang='lat' dir='ltr'>cornus,</span> <span class='ocrx_word' id='word_1_30' title='bbox 503 614 726 660; x_wconf 83' lang='lat' dir='ltr'>Ituraeos</span> <span class='ocrx_word' id='word_1_31' title='bbox 763 611 862 659; x_wconf 87' lang='lat' dir='ltr'>taxi</span> <span class='ocrx_word' id='word_1_32' title='bbox 898 620 1188 674; x_wconf 90' lang='lat' dir='ltr'>torquentur</span> <span class='ocrx_word' id='word_1_33' title='bbox 1224 610 1275 658; x_wconf 92' lang='lat' dir='ltr'>in</span> <span class='ocrx_word' id='word_1_34' title='bbox 1310 627 1463 658; x_wconf 89' lang='lat' dir='ltr'>arcus.</span> 
     </span>
    </p>

    <p class='ocr_par' dir='ltr' id='par_1_4' title="bbox 267 691 1406 742">
     <span class='ocr_line' id='line_1_7' title="bbox 267 691 1406 742; baseline -0.003 0"><span class='ocrx_word' id='word_1_35' title='bbox 267 711 360 742; x_wconf 91' lang='lat' dir='ltr'>nec</span> <span class='ocrx_word' id='word_1_36' title='bbox 397 692 528 741; x_wconf 89' lang='lat' dir='ltr'>tiliae</span> <span class='ocrx_word' id='word_1_37' title='bbox 565 694 697 741; x_wconf 90' lang='lat' dir='ltr'>leves</span> <span class='ocrx_word' id='word_1_38' title='bbox 735 701 820 740; x_wconf 90' lang='lat' dir='ltr'>aut</span> <span class='ocrx_word' id='word_1_39' title='bbox 857 701 1001 741; x_wconf 91' lang='lat' dir='ltr'>torno</span> <span class='ocrx_word' id='word_1_40' title='bbox 1039 691 1181 740; x_wconf 88' lang='lat' dir='ltr'>rasile</span> <span class='ocrx_word' id='word_1_41' title='bbox 1218 692 1406 740; x_wconf 89' lang='lat' dir='ltr'>buxum</span> 
     </span>
    </p>
   </div>
   <div class='ocr_carea' id='block_1_3' title="bbox 179 773 1635 836">
    <p class='ocr_par' dir='ltr' id='par_1_5' title="bbox 179 773 1635 836">
     <span class='ocr_line' id='line_1_8' title="bbox 179 773 1635 836; baseline -0.001 -14"><span class='ocrx_word' id='word_1_42' title='bbox 179 790 185 795; x_wconf 72' lang='grc'><em>’</em></span> <span class='ocrx_word' id='word_1_43' title='bbox 268 792 371 825; x_wconf 91' lang='lat' dir='ltr'>non</span> <span class='ocrx_word' id='word_1_44' title='bbox 407 776 617 822; x_wconf 91' lang='lat' dir='ltr'>formam</span> <span class='ocrx_word' id='word_1_45' title='bbox 653 773 904 836; x_wconf 91' lang='lat' dir='ltr'>accipiunt</span> <span class='ocrx_word' id='word_1_46' title='bbox 942 776 1168 836; x_wconf 89' lang='lat' dir='ltr'>ferroque</span> <span class='ocrx_word' id='word_1_47' title='bbox 1207 781 1441 821; x_wconf 87' lang='lat' dir='ltr'>cavantur</span> <span class='ocrx_word' id='word_1_48' title='bbox 1475 782 1635 821; x_wconf 90' lang='lat' dir='ltr'>acuto.</span> 
     </span>
    </p>
   </div>
   <div class='ocr_carea' id='block_1_4' title="bbox 246 849 1750 2715">
    <p class='ocr_par' dir='ltr' id='par_1_6' title="bbox 267 849 1673 904">
     <span class='ocr_line' id='line_1_9' title="bbox 267 849 1673 904; baseline -0.001 0"><span class='ocrx_word' id='word_1_49' title='bbox 267 873 359 904; x_wconf 90' lang='lat' dir='ltr'>nec</span> <span class='ocrx_word' id='word_1_50' title='bbox 395 873 498 904; x_wconf 92' lang='lat' dir='ltr'>non</span> <span class='ocrx_word' id='word_1_51' title='bbox 535 864 583 904; x_wconf 92' lang='lat' dir='ltr'>et</span> <span class='ocrx_word' id='word_1_52' title='bbox 619 865 887 903; x_wconf 89' lang='lat' dir='ltr'>torrentem</span> <span class='ocrx_word' id='word_1_53' title='bbox 924 857 1112 904; x_wconf 90' lang='lat' dir='ltr'>undam</span> <span class='ocrx_word' id='word_1_54' title='bbox 1150 849 1270 903; x_wconf 88' lang='lat' dir='ltr'>levis</span> <span class='ocrx_word' id='word_1_55' title='bbox 1308 853 1498 902; x_wconf 90' lang='lat' dir='ltr'>innatat</span> <span class='ocrx_word' id='word_1_56' title='bbox 1532 856 1673 902; x_wconf 91' lang='lat' dir='ltr'>alnus</span> 
     </span>
    </p>

    <p class='ocr_par' dir='ltr' id='par_1_7' title="bbox 267 934 1648 999">
     <span class='ocr_line' id='line_1_10' title="bbox 267 934 1648 999; baseline -0.001 -15"><span class='ocrx_word' id='word_1_57' title='bbox 267 936 415 985; x_wconf 91' lang='lat' dir='ltr'>missa</span> <span class='ocrx_word' id='word_1_58' title='bbox 453 938 605 996; x_wconf 89' lang='lat' dir='ltr'>Pado,</span> <span class='ocrx_word' id='word_1_59' title='bbox 646 954 739 985; x_wconf 91' lang='lat' dir='ltr'>nec</span> <span class='ocrx_word' id='word_1_60' title='bbox 776 954 879 985; x_wconf 92' lang='lat' dir='ltr'>non</span> <span class='ocrx_word' id='word_1_61' title='bbox 917 946 966 985; x_wconf 93' lang='lat' dir='ltr'>et</span> <span class='ocrx_word' id='word_1_62' title='bbox 1002 953 1119 999; x_wconf 91' lang='lat' dir='ltr'>apes</span> <span class='ocrx_word' id='word_1_63' title='bbox 1161 934 1388 984; x_wconf 88' lang='lat' dir='ltr'>examina</span> <span class='ocrx_word' id='word_1_64' title='bbox 1423 936 1648 983; x_wconf 92' lang='lat' dir='ltr'>condunt</span> 
     </span>
    </p>

    <p class='ocr_par' dir='ltr' id='par_1_8' title="bbox 267 1017 1464 1081">
     <span class='ocr_line' id='line_1_11' title="bbox 267 1017 1464 1081; baseline -0.002 -14"><span class='ocrx_word' id='word_1_65' title='bbox 267 1018 633 1081; x_wconf 89' lang='lat' dir='ltr'>corticibusque</span> <span class='ocrx_word' id='word_1_66' title='bbox 669 1018 800 1067; x_wconf 91' lang='lat' dir='ltr'>cavis</span> <span class='ocrx_word' id='word_1_67' title='bbox 837 1018 1142 1081; x_wconf 88' lang='lat' dir='ltr'>vitiosaeque</span> <span class='ocrx_word' id='word_1_68' title='bbox 1181 1017 1304 1066; x_wconf 86' lang='lat' dir='ltr'>ilicis</span> <span class='ocrx_word' id='word_1_69' title='bbox 1341 1019 1464 1066; x_wconf 90' lang='lat' dir='ltr'>alvo.</span> 
     </span>
    </p>

    <p class='ocr_par' dir='ltr' id='par_1_9' title="bbox 267 1099 1750 1163">
     <span class='ocr_line' id='line_1_12' title="bbox 267 1099 1750 1163; baseline 0.001 -16"><span class='ocrx_word' id='word_1_70' title='bbox 267 1099 388 1163; x_wconf 92' lang='lat' dir='ltr'>quid</span> <span class='ocrx_word' id='word_1_71' title='bbox 425 1102 806 1149; x_wconf 90' lang='lat' dir='ltr'>memorandum</span> <span class='ocrx_word' id='word_1_72' title='bbox 842 1117 1001 1163; x_wconf 92' lang='lat' dir='ltr'>aeque</span> <span class='ocrx_word' id='word_1_73' title='bbox 1041 1099 1288 1148; x_wconf 88' lang='lat' dir='ltr'>Baccheia</span> <span class='ocrx_word' id='word_1_74' title='bbox 1325 1100 1459 1147; x_wconf 91' lang='lat' dir='ltr'>dona</span> <span class='ocrx_word' id='word_1_75' title='bbox 1495 1101 1750 1148; x_wconf 88' lang='lat' dir='ltr'>tulerunt?</span> 
     </span>
    </p>

    <p class='ocr_par' dir='ltr' id='par_1_10' title="bbox 267 1180 1699 1246">
     <span class='ocr_line' id='line_1_13' title="bbox 267 1180 1699 1246; baseline -0.001 -16"><span class='ocrx_word' id='word_1_76' title='bbox 267 1184 495 1231; x_wconf 88' lang='lat' dir='ltr'>Bacchus</span> <span class='ocrx_word' id='word_1_77' title='bbox 532 1192 582 1231; x_wconf 90' lang='lat' dir='ltr'>et</span> <span class='ocrx_word' id='word_1_78' title='bbox 616 1185 681 1231; x_wconf 89' lang='lat' dir='ltr'>ad</span> <span class='ocrx_word' id='word_1_79' title='bbox 717 1185 915 1246; x_wconf 89' lang='lat' dir='ltr'>culpam</span> <span class='ocrx_word' id='word_1_80' title='bbox 954 1200 1125 1232; x_wconf 90' lang='lat' dir='ltr'>causas</span> <span class='ocrx_word' id='word_1_81' title='bbox 1164 1181 1302 1230; x_wconf 90' lang='lat' dir='ltr'>dedit</span> <span class='ocrx_word' id='word_1_82' title='bbox 1319 1200 1332 1242; x_wconf 99' lang='lat'><em>3</em></span> <span class='ocrx_word' id='word_1_83' title='bbox 1379 1180 1461 1229; x_wconf 88' lang='lat' dir='ltr'>ille</span> <span class='ocrx_word' id='word_1_84' title='bbox 1497 1180 1699 1229; x_wconf 90' lang='lat' dir='ltr'>furentis</span> 
     </span>
    </p>

    <p class='ocr_par' dir='ltr' id='par_1_11' title="bbox 268 1264 1672 1327">
     <span class='ocr_line' id='line_1_14' title="bbox 268 1264 1672 1327; baseline -0.002 -14"><span class='ocrx_word' id='word_1_85' title='bbox 268 1265 544 1313; x_wconf 91' lang='lat' dir='ltr'>Centauros</span> <span class='ocrx_word' id='word_1_86' title='bbox 580 1266 680 1313; x_wconf 92' lang='lat' dir='ltr'>leto</span> <span class='ocrx_word' id='word_1_87' title='bbox 717 1264 925 1324; x_wconf 90' lang='lat' dir='ltr'>domuit,</span> <span class='ocrx_word' id='word_1_88' title='bbox 968 1267 1323 1327; x_wconf 91' lang='lat' dir='ltr'>Rhoetumque</span> <span class='ocrx_word' id='word_1_89' title='bbox 1358 1264 1672 1325; x_wconf 90' lang='lat' dir='ltr'>Pholumque</span> 
     </span>
    </p>

    <p class='ocr_par' dir='ltr' id='par_1_12' title="bbox 267 1344 1633 1488">
     <span class='ocr_line' id='line_1_15' title="bbox 267 1344 1633 1409; baseline -0.001 -16"><span class='ocrx_word' id='word_1_90' title='bbox 267 1354 316 1393; x_wconf 93' lang='lat' dir='ltr'>et</span> <span class='ocrx_word' id='word_1_91' title='bbox 352 1363 534 1409; x_wconf 91' lang='lat' dir='ltr'>magno</span> <span class='ocrx_word' id='word_1_92' title='bbox 572 1348 825 1408; x_wconf 91' lang='lat' dir='ltr'>Hylaeum</span> <span class='ocrx_word' id='word_1_93' title='bbox 864 1346 1086 1409; x_wconf 91' lang='lat' dir='ltr'>Lapithis</span> <span class='ocrx_word' id='word_1_94' title='bbox 1126 1355 1310 1395; x_wconf 91' lang='lat' dir='ltr'>cratere</span> <span class='ocrx_word' id='word_1_95' title='bbox 1332 1344 1633 1393; x_wconf 89' lang='lat' dir='ltr'>·minantem.</span> 
     </span>
     <span class='ocr_line' id='line_1_16' title="bbox 336 1426 1545 1488; baseline -0.002 -12"><span class='ocrx_word' id='word_1_96' title='bbox 336 1428 382 1476; x_wconf 91' lang='lat' dir='ltr'>O</span> <span class='ocrx_word' id='word_1_97' title='bbox 418 1430 693 1477; x_wconf 89' lang='lat' dir='ltr'>fortunatos</span> <span class='ocrx_word' id='word_1_98' title='bbox 730 1428 954 1488; x_wconf 92' lang='lat' dir='ltr'>nimium,</span> <span class='ocrx_word' id='word_1_99' title='bbox 994 1445 1082 1476; x_wconf 90' lang='lat' dir='ltr'>sua</span> <span class='ocrx_word' id='word_1_100' title='bbox 1118 1428 1158 1476; x_wconf 92' lang='lat' dir='ltr'>si</span> <span class='ocrx_word' id='word_1_101' title='bbox 1194 1429 1330 1477; x_wconf 93' lang='lat' dir='ltr'>bona</span> <span class='ocrx_word' id='word_1_102' title='bbox 1367 1426 1545 1486; x_wconf 91' lang='lat' dir='ltr'>norint,</span> 
     </span>
    </p>

    <p class='ocr_par' dir='ltr' id='par_1_13' title="bbox 266 1507 1648 1573">
     <span class='ocr_line' id='line_1_17' title="bbox 266 1507 1648 1573; baseline -0.002 -15"><span class='ocrx_word' id='word_1_103' title='bbox 266 1509 533 1573; x_wconf 78' lang='lat' dir='ltr'>agricolas!</span> <span class='ocrx_word' id='word_1_104' title='bbox 582 1509 763 1572; x_wconf 91' lang='lat' dir='ltr'>quibus</span> <span class='ocrx_word' id='word_1_105' title='bbox 799 1510 906 1573; x_wconf 89' lang='lat' dir='ltr'>ipsa</span> <span class='ocrx_word' id='word_1_106' title='bbox 941 1513 1114 1573; x_wconf 91' lang='lat' dir='ltr'>procul</span> <span class='ocrx_word' id='word_1_107' title='bbox 1153 1508 1465 1558; x_wconf 89' lang='lat' dir='ltr'>discordibus</span> <span class='ocrx_word' id='word_1_108' title='bbox 1502 1507 1648 1556; x_wconf 89' lang='lat' dir='ltr'>armis</span> 
     </span>
    </p>

    <p class='ocr_par' dir='ltr' id='par_1_14' title="bbox 266 1591 1595 1651">
     <span class='ocr_line' id='line_1_18' title="bbox 266 1591 1595 1651; baseline -0.002 -12"><span class='ocrx_word' id='word_1_109' title='bbox 266 1591 430 1641; x_wconf 88' lang='lat' dir='ltr'>fundit</span> <span class='ocrx_word' id='word_1_110' title='bbox 465 1593 621 1639; x_wconf 94' lang='lat' dir='ltr'>humo</span> <span class='ocrx_word' id='word_1_111' title='bbox 657 1591 853 1640; x_wconf 87' lang='lat' dir='ltr'>facilem</span> <span class='ocrx_word' id='word_1_112' title='bbox 890 1591 1075 1640; x_wconf 91' lang='lat' dir='ltr'>victum</span> <span class='ocrx_word' id='word_1_113' title='bbox 1113 1591 1380 1640; x_wconf 90' lang='lat' dir='ltr'>iustissima</span> <span class='ocrx_word' id='word_1_114' title='bbox 1417 1592 1560 1638; x_wconf 90' lang='lat' dir='ltr'>tellus</span> <span class='ocrx_word' id='word_1_115' title='bbox 1580 1609 1595 1651; x_wconf 94' lang='lat'><em>3</em></span> 
     </span>
    </p>

    <p class='ocr_par' dir='ltr' id='par_1_15' title="bbox 267 1671 1572 1736">
     <span class='ocr_line' id='line_1_19' title="bbox 267 1671 1572 1736; baseline -0.002 -16"><span class='ocrx_word' id='word_1_116' title='bbox 267 1672 308 1721; x_wconf 91' lang='lat' dir='ltr'>si</span> <span class='ocrx_word' id='word_1_117' title='bbox 344 1689 446 1721; x_wconf 91' lang='lat' dir='ltr'>non</span> <span class='ocrx_word' id='word_1_118' title='bbox 483 1673 736 1736; x_wconf 91' lang='lat' dir='ltr'>ingentem</span> <span class='ocrx_word' id='word_1_119' title='bbox 772 1672 959 1722; x_wconf 89' lang='lat' dir='ltr'>foribus</span> <span class='ocrx_word' id='word_1_120' title='bbox 996 1675 1177 1722; x_wconf 85' lang='lat' dir='ltr'>&#39;domus</span> <span class='ocrx_word' id='word_1_121' title='bbox 1215 1675 1313 1721; x_wconf 92' lang='lat' dir='ltr'>alta</span> <span class='ocrx_word' id='word_1_122' title='bbox 1350 1671 1572 1735; x_wconf 91' lang='lat' dir='ltr'>superbis</span> 
     </span>
    </p>

    <p class='ocr_par' dir='ltr' id='par_1_16' title="bbox 267 1754 1577 1813">
     <span class='ocr_line' id='line_1_20' title="bbox 267 1754 1577 1813; baseline -0.001 -12"><span class='ocrx_word' id='word_1_123' title='bbox 267 1770 414 1802; x_wconf 91' lang='lat' dir='ltr'>mane</span> <span class='ocrx_word' id='word_1_124' title='bbox 451 1756 753 1802; x_wconf 91' lang='lat' dir='ltr'>salutantum</span> <span class='ocrx_word' id='word_1_125' title='bbox 789 1754 904 1803; x_wconf 91' lang='lat' dir='ltr'>totis</span> <span class='ocrx_word' id='word_1_126' title='bbox 940 1754 1095 1803; x_wconf 93' lang='lat' dir='ltr'>vomit</span> <span class='ocrx_word' id='word_1_127' title='bbox 1131 1754 1339 1802; x_wconf 92' lang='lat' dir='ltr'>aedibus</span> <span class='ocrx_word' id='word_1_128' title='bbox 1377 1755 1577 1813; x_wconf 89' lang='lat' dir='ltr'>undam,</span> 
     </span>
    </p>

    <p class='ocr_par' dir='ltr' id='par_1_17' title="bbox 267 1834 1504 1899">
     <span class='ocr_line' id='line_1_21' title="bbox 267 1834 1504 1899; baseline 0 -17"><span class='ocrx_word' id='word_1_129' title='bbox 267 1852 361 1884; x_wconf 90' lang='lat' dir='ltr'>nec</span> <span class='ocrx_word' id='word_1_130' title='bbox 396 1835 555 1884; x_wconf 92' lang='lat' dir='ltr'>varios</span> <span class='ocrx_word' id='word_1_131' title='bbox 591 1835 784 1884; x_wconf 89' lang='lat' dir='ltr'>inhiant</span> <span class='ocrx_word' id='word_1_132' title='bbox 821 1838 1026 1899; x_wconf 89' lang='lat' dir='ltr'>pulchra</span> <span class='ocrx_word' id='word_1_133' title='bbox 1065 1835 1314 1885; x_wconf 91' lang='lat' dir='ltr'>testudine</span> <span class='ocrx_word' id='word_1_134' title='bbox 1351 1834 1504 1899; x_wconf 88' lang='lat' dir='ltr'>postis</span> 
     </span>
    </p>

    <p class='ocr_par' dir='ltr' id='par_1_18' title="bbox 267 1916 1442 1980">
     <span class='ocr_line' id='line_1_22' title="bbox 267 1916 1442 1980; baseline 0.001 -16"><span class='ocrx_word' id='word_1_135' title='bbox 267 1916 552 1979; x_wconf 86' lang='lat' dir='ltr'>inlusasque</span> <span class='ocrx_word' id='word_1_136' title='bbox 587 1934 708 1966; x_wconf 92' lang='lat' dir='ltr'>auro</span> <span class='ocrx_word' id='word_1_137' title='bbox 743 1917 891 1966; x_wconf 91' lang='lat' dir='ltr'>vestis</span> <span class='ocrx_word' id='word_1_138' title='bbox 932 1917 1279 1980; x_wconf 90' lang='lat' dir='ltr'>Ephyreiaque</span> <span class='ocrx_word' id='word_1_139' title='bbox 1316 1933 1442 1976; x_wconf 89' lang='lat' dir='ltr'>aera,</span> 
     </span>
    </p>

    <p class='ocr_par' dir='ltr' id='par_1_19' title="bbox 267 1998 1442 2061">
     <span class='ocr_line' id='line_1_23' title="bbox 267 1998 1442 2061; baseline 0.001 -16"><span class='ocrx_word' id='word_1_140' title='bbox 267 1999 381 2046; x_wconf 89' lang='lat' dir='ltr'>alba</span> <span class='ocrx_word' id='word_1_141' title='bbox 416 2014 580 2061; x_wconf 91' lang='lat' dir='ltr'>neque</span> <span class='ocrx_word' id='word_1_142' title='bbox 615 1998 818 2061; x_wconf 89' lang='lat' dir='ltr'>Assyrio</span> <span class='ocrx_word' id='word_1_143' title='bbox 853 2000 1045 2047; x_wconf 88' lang='lat' dir='ltr'>fucatur</span> <span class='ocrx_word' id='word_1_144' title='bbox 1083 2001 1196 2046; x_wconf 92' lang='lat' dir='ltr'>lana</span> <span class='ocrx_word' id='word_1_145' title='bbox 1232 2015 1442 2057; x_wconf 91' lang='lat' dir='ltr'>veneno,</span> 
     </span>
    </p>

    <p class='ocr_par' dir='ltr' id='par_1_20' title="bbox 268 2078 1445 2142">
     <span class='ocr_line' id='line_1_24' title="bbox 268 2078 1445 2142; baseline -0.002 -15"><span class='ocrx_word' id='word_1_146' title='bbox 268 2096 362 2127; x_wconf 92' lang='lat' dir='ltr'>nec</span> <span class='ocrx_word' id='word_1_147' title='bbox 398 2078 529 2127; x_wconf 90' lang='lat' dir='ltr'>casia</span> <span class='ocrx_word' id='word_1_148' title='bbox 565 2078 741 2142; x_wconf 90' lang='lat' dir='ltr'>liquidi</span> <span class='ocrx_word' id='word_1_149' title='bbox 777 2079 1106 2142; x_wconf 89' lang='lat' dir='ltr'>corrumpitur</span> <span class='ocrx_word' id='word_1_150' title='bbox 1145 2096 1261 2128; x_wconf 90' lang='lat' dir='ltr'>usus</span> <span class='ocrx_word' id='word_1_151' title='bbox 1299 2078 1445 2139; x_wconf 90' lang='lat' dir='ltr'>olivi3</span> 
     </span>
    </p>

    <p class='ocr_par' dir='ltr' id='par_1_21' title="bbox 267 2160 1340 2223">
     <span class='ocr_line' id='line_1_25' title="bbox 267 2160 1340 2223; baseline 0 -14"><span class='ocrx_word' id='word_1_152' title='bbox 267 2170 318 2209; x_wconf 89' lang='lat' dir='ltr'>at</span> <span class='ocrx_word' id='word_1_153' title='bbox 354 2177 525 2208; x_wconf 91' lang='lat' dir='ltr'>secura</span> <span class='ocrx_word' id='word_1_154' title='bbox 561 2160 700 2223; x_wconf 92' lang='lat' dir='ltr'>quies</span> <span class='ocrx_word' id='word_1_155' title='bbox 737 2169 785 2209; x_wconf 89' lang='lat' dir='ltr'>et</span> <span class='ocrx_word' id='word_1_156' title='bbox 822 2161 988 2210; x_wconf 88' lang='lat' dir='ltr'>nescia</span> <span class='ocrx_word' id='word_1_157' title='bbox 1025 2163 1190 2210; x_wconf 91' lang='lat' dir='ltr'>fallere</span> <span class='ocrx_word' id='word_1_158' title='bbox 1229 2161 1340 2221; x_wconf 91' lang='lat' dir='ltr'>vita,</span> 
     </span>
    </p>

    <p class='ocr_par' dir='ltr' id='par_1_22' title="bbox 269 2233 1467 2304">
     <span class='ocr_line' id='line_1_26' title="bbox 269 2233 1467 2304; baseline 0.001 -14"><span class='ocrx_word' id='word_1_159' title='bbox 269 2241 407 2291; x_wconf 92' lang='lat' dir='ltr'>dives</span> <span class='ocrx_word' id='word_1_160' title='bbox 444 2258 597 2304; x_wconf 91' lang='lat' dir='ltr'>opum</span> <span class='ocrx_word' id='word_1_161' title='bbox 633 2233 887 2302; x_wconf 90' lang='lat' dir='ltr'>variarum,</span> <span class='ocrx_word' id='word_1_162' title='bbox 930 2252 980 2291; x_wconf 93' lang='lat' dir='ltr'>at</span> <span class='ocrx_word' id='word_1_163' title='bbox 1016 2242 1125 2291; x_wconf 91' lang='lat' dir='ltr'>latis</span> <span class='ocrx_word' id='word_1_164' title='bbox 1165 2243 1266 2292; x_wconf 90' lang='lat' dir='ltr'>otia</span> <span class='ocrx_word' id='word_1_165' title='bbox 1301 2243 1467 2292; x_wconf 90' lang='lat' dir='ltr'>fundis</span> 
     </span>
    </p>

    <p class='ocr_par' dir='ltr' id='par_1_23' title="bbox 272 2322 1491 2389">
     <span class='ocr_line' id='line_1_27' title="bbox 272 2322 1491 2389; baseline 0.001 -17"><span class='ocrx_word' id='word_1_166' title='bbox 272 2323 559 2389; x_wconf 89' lang='lat' dir='ltr'>(speluncae</span> <span class='ocrx_word' id='word_1_167' title='bbox 594 2322 791 2386; x_wconf 90' lang='lat' dir='ltr'>vivique</span> <span class='ocrx_word' id='word_1_168' title='bbox 828 2326 962 2372; x_wconf 89' lang='lat' dir='ltr'>lacus</span> <span class='ocrx_word' id='word_1_169' title='bbox 1002 2334 1050 2373; x_wconf 91' lang='lat' dir='ltr'>et</span> <span class='ocrx_word' id='word_1_170' title='bbox 1088 2325 1262 2389; x_wconf 92' lang='lat' dir='ltr'>frigida</span> <span class='ocrx_word' id='word_1_171' title='bbox 1298 2328 1491 2387; x_wconf 90' lang='lat' dir='ltr'>Tempe</span> 
     </span>
    </p>

    <p class='ocr_par' dir='ltr' id='par_1_24' title="bbox 270 2403 1652 2470">
     <span class='ocr_line' id='line_1_28' title="bbox 270 2403 1652 2470; baseline 0.001 -19"><span class='ocrx_word' id='word_1_172' title='bbox 270 2404 585 2467; x_wconf 87' lang='lat' dir='ltr'>mugitusque</span> <span class='ocrx_word' id='word_1_173' title='bbox 620 2405 776 2452; x_wconf 92' lang='lat' dir='ltr'>boum</span> <span class='ocrx_word' id='word_1_174' title='bbox 814 2408 1089 2470; x_wconf 91' lang='lat' dir='ltr'>mollesque</span> <span class='ocrx_word' id='word_1_175' title='bbox 1128 2409 1220 2456; x_wconf 91' lang='lat' dir='ltr'>sub</span> <span class='ocrx_word' id='word_1_176' title='bbox 1257 2409 1431 2456; x_wconf 92' lang='lat' dir='ltr'>arbore</span> <span class='ocrx_word' id='word_1_177' title='bbox 1469 2403 1652 2469; x_wconf 89' lang='lat' dir='ltr'>somni)</span> 
     </span>
    </p>

    <p class='ocr_par' dir='ltr' id='par_1_25' title="bbox 270 2485 1499 2547">
     <span class='ocr_line' id='line_1_29' title="bbox 270 2485 1499 2547; baseline 0.002 -14"><span class='ocrx_word' id='word_1_178' title='bbox 270 2502 373 2533; x_wconf 90' lang='lat' dir='ltr'>non</span> <span class='ocrx_word' id='word_1_179' title='bbox 409 2486 590 2534; x_wconf 90' lang='lat' dir='ltr'>absunt</span> <span class='ocrx_word' id='word_1_180' title='bbox 607 2504 621 2546; x_wconf 91' lang='lat'><em>3</em></span> <span class='ocrx_word' id='word_1_181' title='bbox 667 2485 766 2535; x_wconf 89' lang='lat' dir='ltr'>illic</span> <span class='ocrx_word' id='word_1_182' title='bbox 803 2490 954 2537; x_wconf 89' lang='lat' dir='ltr'>saltus</span> <span class='ocrx_word' id='word_1_183' title='bbox 991 2506 1050 2537; x_wconf 91' lang='lat' dir='ltr'>ac</span> <span class='ocrx_word' id='word_1_184' title='bbox 1086 2492 1237 2538; x_wconf 90' lang='lat' dir='ltr'>lustra</span> <span class='ocrx_word' id='word_1_185' title='bbox 1274 2491 1499 2547; x_wconf 91' lang='lat' dir='ltr'>ferarum,</span> 
     </span>
    </p>

    <p class='ocr_par' dir='ltr' id='par_1_26' title="bbox 271 2566 1623 2635">
     <span class='ocr_line' id='line_1_30' title="bbox 271 2566 1623 2635; baseline 0.001 -20"><span class='ocrx_word' id='word_1_186' title='bbox 271 2576 320 2615; x_wconf 90' lang='lat' dir='ltr'>et</span> <span class='ocrx_word' id='word_1_187' title='bbox 355 2566 547 2629; x_wconf 91' lang='lat' dir='ltr'>patiens</span> <span class='ocrx_word' id='word_1_188' title='bbox 584 2584 791 2630; x_wconf 91' lang='lat' dir='ltr'>operum</span> <span class='ocrx_word' id='word_1_189' title='bbox 828 2571 1104 2635; x_wconf 89' lang='lat' dir='ltr'>exiguoque</span> <span class='ocrx_word' id='word_1_190' title='bbox 1140 2573 1346 2620; x_wconf 92' lang='lat' dir='ltr'>adsueta</span> <span class='ocrx_word' id='word_1_191' title='bbox 1381 2570 1623 2627; x_wconf 89' lang='lat' dir='ltr'>iuventus,</span> 
     </span>
    </p>

    <p class='ocr_par' dir='ltr' id='par_1_27' title="bbox 246 2649 1649 2715">
     <span class='ocr_line' id='line_1_31' title="bbox 246 2649 1649 2715; baseline 0 -19"><span class='ocrx_word' id='word_1_192' title='bbox 246 2665 408 2706; x_wconf 36' lang='lat' dir='ltr'>,sacra</span> <span class='ocrx_word' id='word_1_193' title='bbox 443 2650 594 2697; x_wconf 92' lang='lat' dir='ltr'>deum</span> <span class='ocrx_word' id='word_1_194' title='bbox 631 2651 888 2714; x_wconf 89' lang='lat' dir='ltr'>sanctique</span> <span class='ocrx_word' id='word_1_195' title='bbox 924 2663 1085 2715; x_wconf 89' lang='lat' dir='ltr'>patres</span> <span class='ocrx_word' id='word_1_196' title='bbox 1107 2672 1121 2714; x_wconf 92' lang='lat'><em>3</em></span> <span class='ocrx_word' id='word_1_197' title='bbox 1169 2662 1384 2701; x_wconf 88' lang='lat' dir='ltr'>extrema</span> <span class='ocrx_word' id='word_1_198' title='bbox 1419 2667 1505 2713; x_wconf 92' lang='lat' dir='ltr'>per</span> <span class='ocrx_word' id='word_1_199' title='bbox 1539 2649 1649 2697; x_wconf 91' lang='lat' dir='ltr'>illos</span> 
     </span>
    </p>
   </div>
   <div class='ocr_carea' id='block_1_5' title="bbox 1858 385 1938 426">
    <p class='ocr_par' dir='ltr' id='par_1_28' title="bbox 1858 385 1938 426">
     <span class='ocr_line' id='line_1_32' title="bbox 1858 385 1938 426; baseline -0.013 0"><span class='ocrx_word' id='word_1_200' title='bbox 1858 385 1938 426; x_wconf 85' lang='lat'>445</span> 
     </span>
    </p>
   </div>
   <div class='ocr_carea' id='block_1_6' title="bbox 1858 793 1941 833">
    <p class='ocr_par' dir='ltr' id='par_1_29' title="bbox 1858 793 1941 833">
     <span class='ocr_line' id='line_1_33' title="bbox 1858 793 1941 833; baseline -0.012 0"><span class='ocrx_word' id='word_1_201' title='bbox 1858 793 1941 833; x_wconf 86' lang='lat'>450</span> 
     </span>
    </p>
   </div>
   <div class='ocr_carea' id='block_1_7' title="bbox 1859 1201 1939 1241">
    <p class='ocr_par' dir='ltr' id='par_1_30' title="bbox 1859 1201 1939 1241">
     <span class='ocr_line' id='line_1_34' title="bbox 1859 1201 1939 1241; baseline 0 0"><span class='ocrx_word' id='word_1_202' title='bbox 1859 1201 1939 1241; x_wconf 89' lang='lat'>455</span> 
     </span>
    </p>
   </div>
   <div class='ocr_carea' id='block_1_8' title="bbox 1860 1596 1943 1649">
    <p class='ocr_par' dir='ltr' id='par_1_31' title="bbox 1860 1596 1943 1649">
     <span class='ocr_line' id='line_1_35' title="bbox 1860 1596 1943 1649; baseline 0 -12"><span class='ocrx_word' id='word_1_203' title='bbox 1860 1596 1943 1649; x_wconf 88' lang='lat'>460</span> 
     </span>
    </p>
   </div>
   <div class='ocr_carea' id='block_1_9' title="bbox 1857 2005 1941 2059">
    <p class='ocr_par' dir='ltr' id='par_1_32' title="bbox 1857 2005 1941 2059">
     <span class='ocr_line' id='line_1_36' title="bbox 1857 2005 1941 2059; baseline -0.012 0"><span class='ocrx_word' id='word_1_204' title='bbox 1857 2005 1941 2059; x_wconf 88' lang='lat'>465</span> 
     </span>
    </p>
   </div>
   <div class='ocr_carea' id='block_1_10' title="bbox 1858 2421 1944 2464">
    <p class='ocr_par' dir='ltr' id='par_1_33' title="bbox 1858 2421 1944 2464">
     <span class='ocr_line' id='line_1_37' title="bbox 1858 2421 1944 2464; baseline -0.012 0"><span class='ocrx_word' id='word_1_205' title='bbox 1858 2421 1944 2464; x_wconf 86' lang='lat'>470</span> 
     </span>
    </p>
   </div>
   <div class='ocr_carea' id='block_1_11' title="bbox 271 2776 1939 2941">
    <p class='ocr_par' dir='ltr' id='par_1_34' title="bbox 271 2776 1939 2941">
     <span class='ocr_line' id='line_1_38' title="bbox 326 2776 1938 2832; baseline -0.009 -4"><span class='ocrx_word' id='word_1_206' title='bbox 326 2791 515 2828; x_wconf 86' lang='lat'><strong>444-473</strong></span> <span class='ocrx_word' id='word_1_207' title='bbox 537 2780 668 2819; x_wconf 80' lang='lat' dir='ltr'>MPR</span> <span class='ocrx_word' id='word_1_208' title='bbox 807 2795 886 2832; x_wconf 85' lang='lat'>453</span> <span class='ocrx_word' id='word_1_209' title='bbox 909 2783 1029 2821; x_wconf 85' lang='lat' dir='ltr'>alveo</span> <span class='ocrx_word' id='word_1_210' title='bbox 1043 2782 1086 2820; x_wconf 88' lang='lat' dir='ltr'><em>R</em></span> <span class='ocrx_word' id='word_1_211' title='bbox 1196 2794 1275 2831; x_wconf 87' lang='lat'>454</span> <span class='ocrx_word' id='word_1_212' title='bbox 1295 2779 1455 2830; x_wconf 66' lang='lat' dir='ltr'>aeque]</span> <span class='ocrx_word' id='word_1_213' title='bbox 1477 2781 1487 2801; x_wconf 88' lang='lat'>‘</span> <span class='ocrx_word' id='word_1_214' title='bbox 1501 2779 1576 2818; x_wconf 80' lang='lat' dir='ltr'>alii</span> <span class='ocrx_word' id='word_1_215' title='bbox 1591 2778 1734 2830; x_wconf 81' lang='lat' dir='ltr'>legunt</span> <span class='ocrx_word' id='word_1_216' title='bbox 1743 2783 1786 2816; x_wconf 90' lang='lat' dir='ltr'>et</span> <span class='ocrx_word' id='word_1_217' title='bbox 1804 2776 1938 2827; x_wconf 82' lang='lat' dir='ltr'>quae&#39;</span> 
     </span>
     <span class='ocr_line' id='line_1_39' title="bbox 271 2831 1939 2887; baseline -0.001 -16"><span class='ocrx_word' id='word_1_218' title='bbox 271 2833 386 2872; x_wconf 84' lang='lat' dir='ltr'><strong><em>Serv.</em></strong></span> <span class='ocrx_word' id='word_1_219' title='bbox 492 2837 572 2884; x_wconf 90' lang='lat'>464</span> <span class='ocrx_word' id='word_1_220' title='bbox 594 2837 783 2876; x_wconf 87' lang='lat' dir='ltr'>inclusas</span> <span class='ocrx_word' id='word_1_221' title='bbox 797 2838 848 2876; x_wconf 95' lang='lat' dir='ltr'><em>M</em></span> <span class='ocrx_word' id='word_1_222' title='bbox 856 2837 992 2886; x_wconf 45' lang='lat' dir='ltr'><em>&#39;PR71</em></span> <span class='ocrx_word' id='word_1_223' title='bbox 1013 2837 1132 2875; x_wconf 82' lang='lat' dir='ltr'>schol.</span> <span class='ocrx_word' id='word_1_224' title='bbox 1153 2835 1277 2874; x_wconf 81' lang='lat' dir='ltr'>Bern.</span> <span class='ocrx_word' id='word_1_225' title='bbox 1297 2836 1480 2887; x_wconf 82' lang='lat' dir='ltr'>agnoscit</span> <span class='ocrx_word' id='word_1_226' title='bbox 1490 2834 1604 2874; x_wconf 82' lang='lat' dir='ltr'>Serv.</span> <span class='ocrx_word' id='word_1_227' title='bbox 1709 2833 1788 2880; x_wconf 88' lang='lat'>467</span> <span class='ocrx_word' id='word_1_228' title='bbox 1808 2831 1939 2870; x_wconf 88' lang='lat' dir='ltr'>vitam</span> 
     </span>
     <span class='ocr_line' id='line_1_40' title="bbox 272 2884 1938 2941; baseline -0.005 -9"><span class='ocrx_word' id='word_1_229' title='bbox 272 2886 399 2925; x_wconf 83' lang='lat' dir='ltr'><em>PRbc</em></span> <span class='ocrx_word' id='word_1_230' title='bbox 556 2894 638 2941; x_wconf 90' lang='lat'>469</span> <span class='ocrx_word' id='word_1_231' title='bbox 669 2897 712 2930; x_wconf 91' lang='lat' dir='ltr'>et</span> <span class='ocrx_word' id='word_1_232' title='bbox 731 2893 867 2939; x_wconf 74' lang='lat' dir='ltr'><em>M7¹c2</em></span> <span class='ocrx_word' id='word_1_233' title='bbox 900 2897 943 2930; x_wconf 91' lang='lat' dir='ltr'>at</span> <span class='ocrx_word' id='word_1_234' title='bbox 963 2891 1095 2939; x_wconf 75' lang='lat' dir='ltr'>P7²b2</span> <span class='ocrx_word' id='word_1_235' title='bbox 1127 2892 1180 2929; x_wconf 89' lang='lat' dir='ltr'>ad</span> <span class='ocrx_word' id='word_1_236' title='bbox 1202 2891 1244 2928; x_wconf 88' lang='lat' dir='ltr'><em>R</em></span> <span class='ocrx_word' id='word_1_237' title='bbox 1386 2902 1466 2938; x_wconf 89' lang='lat'>472</span> <span class='ocrx_word' id='word_1_238' title='bbox 1495 2888 1737 2937; x_wconf 83' lang='lat' dir='ltr'>exiguoque</span> <span class='ocrx_word' id='word_1_239' title='bbox 1758 2884 1938 2924; x_wconf 78' lang='lat' dir='ltr'><em>MPRb:</em></span> 
     </span>
    </p>
   </div>
   <div class='ocr_carea' id='block_1_12' title="bbox 273 2943 1448 2997">
    <p class='ocr_par' dir='ltr' id='par_1_35' title="bbox 273 2943 1448 2997">
     <span class='ocr_line' id='line_1_41' title="bbox 273 2943 1448 2997; baseline 0.001 -16"><span class='ocrx_word' id='word_1_240' title='bbox 273 2955 490 2994; x_wconf 88' lang='lat' dir='ltr'>parvoque</span> <span class='ocrx_word' id='word_1_241' title='bbox 509 2960 588 2997; x_wconf 63' lang='lat' dir='ltr'>*ycn-</span> <span class='ocrx_word' id='word_1_242' title='bbox 606 2945 769 2984; x_wconf 82' lang='lat' dir='ltr'>Nonius</span> <span class='ocrx_word' id='word_1_243' title='bbox 787 2946 984 2985; x_wconf 87' lang='lat' dir='ltr'>Donatus</span> <span class='ocrx_word' id='word_1_244' title='bbox 1003 2946 1244 2984; x_wconf 61' lang='lat' dir='ltr'>Pn&#39;sczkznus</span> <span class='ocrx_word' id='word_1_245' title='bbox 1263 2943 1448 2995; x_wconf 79' lang='lat' dir='ltr'>Schaper</span> 
     </span>
    </p>
   </div>
  </div>
 </body>
</html>
