2046 3380
1337 147 1759 197 GEORGICON
1800 147 1854 194 II

179 284 365 334 vimina
398 302 486 348 per
520 285 694 335 silvam
729 294 778 335 et
813 285 930 349 ripis
965 285 1173 335 fluvialis
1209 287 1438 335 harundo

179 367 414 427 caeditur,
452 367 726 431 incultique
761 377 955 417 exercet
990 386 1107 418 cura
1143 368 1312 417 salicti.
1772 391 1852 431 415

179 465 279 497 lam
315 448 509 498 vinctae
544 449 681 509 vites,
721 449 820 498 iam
856 452 1034 498 falcem
1069 451 1270 500 arbusta
1305 461 1564 515 reponunt,

178 525 277 574 iam
314 526 446 575 canit
482 529 683 576 effectos
720 538 965 577 extremus
1001 528 1180 577 vinitor
1214 538 1384 578 antes:

178 607 490 657 sollicitanda
526 618 693 658 tamen
729 612 873 658 tellus
910 609 1171 673 pulvisque
1208 612 1498 670 movendus,

178 698 227 737 et
262 689 361 737 iarn
397 690 598 738 maturis
635 693 932 740 metuendus
971 691 1194 755 Iuppiter
1228 692 1348 741 uvis.

247 771 434 820 Contra
469 788 572 820 non
608 774 707 820 ulla
742 782 816 821 est
852 772 974 821 oleis
1011 775 1229 822 cultura:
1272 790 1435 837 neque
1470 773 1583 823 illae
1770 797 1854 836 420

178 867 469 914 procurvam
505 863 791 916 exspectant
826 856 1004 903 falcem
1040 864 1320 918 rastrosque
1355 855 1557 915 tenacis,

169 949 294 980 -cum
330 936 483 983 semel
519 936 783 984 haeserunt
817 936 943 986 arvis
978 954 1220 1000 aurasque
1256 939 1473 986 tulerunt
1489 956 1504 998 ,·

177 1013 284 1076 ipsa
320 1014 436 1063 satis
473 1018 630 1076 tellus,
670 1033 785 1065 cum
822 1019 973 1067 dente
1009 1018 1277 1067 recluditur
1313 1036 1458 1078 unco,

177 1095 355 1144 sufficit
391 1113 614 1146 umorem
651 1107 700 1146 et
734 1098 971 1161 gravidas,
1011 1116 1127 1148 cum
1163 1117 1375 1160 vomere,
1414 1102 1588 1163 fruges.

177 1177 275 1224 hoc
310 1176 545 1241 pinguem
581 1188 629 1228 et
664 1179 898 1242 placitam
935 1180 1053 1229 Paci
1088 1181 1297 1230 nutritor
1333 1181 1527 1230 olivam.
1771 1203 1850 1244 4²5

246 1260 403 1307 Poma
439 1276 655 1323 quoque,
690 1271 745 1309 ut
779 1261 996 1324 primum
1032 1272 1233 1311 truncos
1270 1279 1466 1312 sensere
1502 1262 1709 1313 valentis

178 1348 227 1387 et
261 1339 373 1388 viris
410 1342 628 1390 habuere
666 1359 791 1402 suas,
831 1345 896 1392 ad
933 1343 1094 1393 sidera
1130 1344 1307 1407 raptim

176 1420 225 1468 vi
259 1421 456 1485 propria
494 1422 717 1472 nituntur
753 1423 962 1487 opisque
998 1426 1133 1474 haud
1169 1424 1338 1489 indiga
1373 1435 1582 1475 nostrae.

177 1518 270 1550 nec
306 1502 470 1552 minus
507 1503 692 1553 interea
729 1507 831 1554 fetu
867 1522 1044 1554 nemus
1080 1523 1231 1555 omne
1266 1507 1518 1570 gravescit,

178 1584 560 1650 sanguineisque
602 1586 788 1635 inculta
823 1587 1003 1636 rubent
1037 1587 1217 1636 aviaria
1252 1587 1402 1637 bacis.
1767 1609 1852 1650 430

177 1668 447 1716 tondentur
484 1668 637 1731 cytisi,
681 1670 850 1717 taedas
888 1669 1009 1718 silva
1043 1671 1142 1718 alta
1178 1669 1431 1730 ministrat,

176 1759 544 1813 pascunturque
583 1750 719 1813 ignes
759 1750 989 1799 nocturni
1025 1760 1074 1799 et
1109 1750 1298 1799 lumina
1332 1752 1562 1799 fundunt.

177 1827 240 1894 [et
276 1831 507 1880 dubitant
544 1832 772 1882 homines
810 1849 969 1881 serere
1004 1842 1154 1895 atque
1190 1832 1478 1895 impendere
1514 1850 1683 1882 curam
1699 1832 1735 1901 ?]

176 1911 298 1973 quid
335 1913 520 1962 maiora
557 1916 769 1976 sequar?
819 1913 991 1962 salices
1027 1913 1340 1976 humilesque
1375 1913 1609 1976 genistae,

175 2003 260 2041 aut
295 1994 407 2044 illae
442 1996 610 2058 pecori
648 1997 878 2044 frondem
915 2005 1000 2043 aut
1036 1994 1315 2058 pastoribus
1351 1996 1579 2044 umbram
1769 2016 1847 2058 435

177 2075 425 2124 sufficiunt
460 2095 761 2141 saepemque
799 2077 915 2125 satis
952 2086 1001 2124 et
1036 2077 1219 2138 pabula
1257 2076 1404 2124 melli.

177 2165 226 2204 et
261 2156 394 2206 iuvat
430 2161 704 2208 undantem
741 2160 875 2207 buxo
911 2167 1133 2220 spectare
1170 2158 1410 2219 Cytorum

178 2239 518 2302 Naryciaeque
555 2240 677 2303 picis
715 2242 870 2300 lucos,
910 2238 1044 2287 iuvat
1080 2255 1194 2286 arva
1229 2237 1395 2286 videre

176 2337 279 2369 non
315 2321 490 2381 rastris,
530 2323 792 2371 hominum
830 2338 934 2371 non
972 2320 1058 2369 ulli
1095 2318 1311 2368 obnoxia
1347 2336 1505 2368 curae.

176 2401 312 2464 ipsae
349 2403 592 2452 Caucasio
628 2404 815 2453 steriles
853 2403 905 2451 in
940 2402 1122 2452 vertice
1157 2400 1320 2460 silvae,
1766 2424 1849 2463 440

177 2501 299 2546 quas
335 2484 545 2533 animosi
582 2485 703 2533 Euri
738 2486 948 2535 adsidue
984 2487 1314 2548 franguntque
1350 2484 1625 2546 feruntque,

177 2567 298 2614 dant
332 2565 454 2615 alios
490 2566 614 2615 aliae
650 2569 791 2627 fetus,
832 2569 953 2617 dant
990 2566 1109 2615 utile
1146 2564 1335 2629 lignum

177 2646 380 2710 navigiis
417 2647 576 2710 pinUS,
616 2648 850 2698 domibus
890 2650 1196 2711 cedrumque
1235 2662 1606 2708 cupressosque.

231 2793 422 2829 414-443
455 2778 587 2817 MPR
830 2793 910 2828 417
952 2780 1127 2819 effectos
1167 2779 1217 2817 M
1222 2778 1422 2829 ¹PR7b1c1
1438 2792 1447 2816 :
1497 2778 1677 2816 effectus
1715 2775 1769 2814 M
1773 2776 1844 2827 ²b2,

178 2838 396 2884 utramque
414 2834 615 2872 lectionem
628 2839 861 2886 agnoscunt
875 2834 992 2874 Serv,
1008 2835 1127 2874 schol.
1148 2834 1270 2872 Bern.
1359 2838 1577 2871 extremos
1596 2830 1686 2881 7b²c
1766 2844 1849 2879 420

178 2901 263 2927 non
277 2888 391 2927 nulla
408 2888 492 2939 R7¹
507 2889 693 2939 agnoscit
704 2888 819 2928 Serv.
928 2899 1008 2937 425
1031 2888 1215 2927 nutritur
1229 2887 1345 2926 MP:
1377 2892 1601 2936 utrumque
1618 2889 1851 2937 agnoscunt

177 2942 296 2981 schol.
313 2943 436 2982 Rern.
523 2944 605 2992 426
625 2943 818 2994 truncos]
837 2956 974 2982 uncos
987 2943 1030 2981 P
1115 2955 1197 2991 433
1226 2956 1307 2981 om.
1324 2941 1375 2979 M
1388 2956 1396 2983 :
1420 2943 1586 2994 ignorat
1597 2941 1713 2980 Serv.
1737 2955 1746 2979 ε
1765 2940 1851 2978 eicit

178 2995 347 3035 Ribbeck
430 3009 510 3047 435
532 2996 648 3048 illae]
671 2998 823 3036 multos
837 2997 952 3036 tiliae
974 2998 1111 3049 legisse
1131 3001 1300 3035 testatur
1311 2996 1427 3036 Serv.
1541 2996 1712 3035 umbras
1732 2994 1851 3045 Rybc
