2014 3372
210 157 262 203 P.
302 156 599 205 VERGILI
639 157 964 206 MARONIS

208 298 336 346 hanc
374 313 519 360 super
554 296 605 344 in
642 295 854 359 speculis
891 311 1189 359 summoque
1224 295 1276 344 in
1312 296 1492 346 vertice
1528 295 1712 347 montis

207 377 434 441 planities
471 377 639 440 ignota
674 376 801 426 iacet
836 376 1029 441 tutique
1065 386 1304 441 receptus,

207 475 294 508 seu
331 460 502 508 dextra
535 460 773 522 laevaque
809 458 929 508 velis
966 476 1219 508 occurrere
1255 475 1450 522 pugnae

207 541 309 590 sive
345 540 526 590 instare
562 540 687 604 iugis
724 549 773 590 et
807 540 1012 604 grandia
1047 543 1243 590 volvere
1280 558 1406 590 saxa.

207 624 305 671 huc
342 622 532 672 iuvenis
570 631 688 671 nota
722 624 873 672 fertur
907 623 1107 686 regione
1143 623 1331 672 viarum
1803 644 1885 685 530

206 704 507 768 arripuitque
544 705 710 753 locum
747 713 796 754 et
832 704 963 754 silvis
1000 704 1182 754 insedit
1217 704 1411 769 iniquis.

274 788 515 836 Velocem
552 786 739 836 interea
775 787 962 852 superis
998 787 1050 835 in
1086 787 1288 837 sedibus
1326 787 1490 852 Opim,

206 885 357 917 unam
395 886 455 917 ex
489 867 758 932 virginibus
796 868 942 918 sociis
979 886 1214 932 sacraque
1251 878 1457 929 caterva,

206 950 539 1014 compellabat
575 959 624 999 et
660 952 748 999 has
785 950 932 999 tristis
970 951 1181 1000 Latonia
1215 968 1363 1001 voces

206 1049 289 1081 ore
326 1033 507 1081 dabat:
555 1032 797 1096 ‘graditur
832 1033 1020 1082 bellum
1056 1034 1121 1082 ad
1157 1035 1357 1083 crudele
1395 1032 1616 1093 Camilla,
1800 1051 1879 1095 535

206 1131 236 1163 o
273 1113 420 1178 virgo,
462 1123 510 1163 et
546 1113 725 1163 nostris
761 1113 1066 1178 nequiquam
1103 1115 1313 1184 cingitur
1347 1115 1507 1175 armis,

205 1213 317 1245 cara
353 1195 475 1244 mihi
511 1205 626 1245 ante
662 1195 793 1244 alias.
868 1213 1032 1259 neque
1069 1196 1202 1245 enim
1239 1214 1398 1246 novus
1433 1197 1525 1246 iste
1563 1196 1755 1247 Dianae

205 1277 340 1327 venit
375 1294 514 1326 amor
550 1276 812 1340 subitaque
848 1277 1071 1326 animum
1108 1278 1374 1328 dulcedine
1411 1278 1577 1329 movit.

206 1360 376 1423 pulsus
414 1360 480 1408 ob
516 1358 753 1408 invidiam
791 1376 943 1422 regno
978 1359 1192 1423 virisque
1229 1362 1465 1424 superbas

207 1440 440 1490 Priverno
476 1440 681 1504 antiqua
719 1442 953 1490 Metabus
990 1458 1104 1490 cum
1142 1444 1400 1492 excederet
1436 1444 1570 1503 urbe,
1803 1462 1885 1505 540

204 1522 445 1571 infantem
482 1521 674 1585 fugiens
711 1522 878 1571 media
912 1522 1039 1572 inter
1074 1523 1260 1587 proelia
1296 1524 1413 1573 belli

205 1603 401 1652 sustulit
437 1603 608 1652 exsilio
644 1603 893 1663 comitem,
934 1604 1202 1668 matrisque
1237 1605 1431 1654 vocavit

205 1685 408 1735 nomine
446 1684 711 1735 Casmillae
748 1693 937 1733 mutata
972 1694 1109 1749 parte
1147 1686 1422 1737 Camillam.

204 1767 309 1832 ipse
346 1767 456 1816 sinu
493 1777 609 1830 prae
646 1784 698 1816 se
733 1776 934 1831 portans
970 1767 1084 1832 iuga
1119 1770 1266 1832 longa
1300 1770 1502 1833 petebat

205 1851 423 1899 solorum
460 1866 751 1898 nemorum:
795 1851 892 1898 tela
927 1849 1150 1914 undique
1188 1867 1332 1900 saeva
1367 1853 1660 1916 premebant
1801 1852 1890 1914 545>

205 1940 253 1981 et
289 1931 588 1980 circumfuso
625 1929 898 1979 volitabant
934 1930 1088 1980 milite
1125 1932 1306 1981 Volsci.

205 2030 322 2063 ecce
358 2014 502 2075 fugae
538 2011 708 2061 medio
745 2011 951 2061 summis
988 2014 1268 2063 Amasenus
1304 2015 1567 2064 abundans

205 2095 468 2158 spumabat
503 2093 632 2157 ripiS,
674 2102 838 2143 tantus
875 2111 927 2143 se
963 2095 1181 2148 nubibus
1217 2095 1377 2147 imber

204 2185 411 2240 ruperat.
486 2175 568 2225 ille
604 2175 774 2225 innare
810 2193 987 2240 parans
1023 2177 1223 2227 infantis
1259 2197 1427 2229 amore

205 2259 423 2306 tardatur
459 2273 673 2320 caroque
711 2257 848 2307 oneri
885 2258 1037 2308 timet.
1113 2260 1281 2309 omnia
1317 2278 1487 2311 secum
1802 2277 1884 2320 550

204 2338 417 2388 versanti
454 2338 620 2388 subito
656 2338 735 2387 vix
770 2341 894 2389 haec
931 2342 1176 2391 sententia
1213 2342 1368 2392 sedit:

206 2424 359 2471 telum
396 2421 614 2470 immane
650 2438 801 2470 manu
838 2422 1000 2472 valida
1041 2426 1178 2487 quod
1215 2426 1338 2474 forte
1373 2425 1574 2488 gerebat

206 2504 424 2562 bellator,
466 2502 680 2552 solidum
717 2503 863 2553 nodis
900 2514 948 2554 et
983 2506 1160 2555 robore
1197 2515 1354 2565 cocto,

205 2583 321 2632 huic
357 2592 524 2631 natam
561 2584 686 2633 libro
723 2594 771 2634 et
808 2585 1014 2634 silvestri
1051 2587 1227 2636 subere
1263 2588 1480 2635 clausam

205 2664 426 2727 implicat
461 2673 610 2728 atque
647 2665 865 2715 habilem
903 2667 1097 2717 mediae
1133 2667 1438 2731 circumligat
1474 2668 1643 2716 hastae
1660 2683 1674 2727 3
1801 2682 1879 2726 555

206 2761 356 2807 quam
394 2747 564 2794 dextra
598 2746 785 2810 ingenti
821 2746 1005 2796 librans
1041 2747 1108 2796 ita
1143 2750 1207 2797 ad
1243 2750 1442 2798 aethera
1476 2750 1631 2797 fatur:

261 2877 452 2926 526-556
473 2877 603 2915 MPR
770 2879 850 2926 526
880 2878 923 2915 in
945 2877 1148 2929 speculis]
1172 2879 1214 2916 in
1231 2891 1315 2918 om.
1333 2878 1415 2917 Ra¹
1437 2893 1446 2918 z
1476 2891 1500 2917 e
1520 2878 1606 2930 P7¹
1715 2888 1793 2927 527
1816 2890 1880 2916 re-

207 2942 355 2969 cessus
385 2930 499 2969 M2R
527 2931 712 2982 agnoscit
738 2931 851 2972 Serv.
1022 2944 1100 2981 534
1132 2933 1241 2972 tristi
1270 2933 1313 2971 R
1487 2945 1566 2982 537
1597 2944 1736 2982 neque
1766 2933 1881 2971 enim

209 3015 217 3024 .
239 3013 248 3023 .
276 3016 284 3024 .
307 2987 386 3034 584
407 2986 506 3024 colit
527 2999 553 3023 a
568 2990 688 3036 poeta
707 2986 892 3026 secundis
912 2987 1019 3025 curis
1045 2987 1186 3026 addita
1213 3001 1340 3037 neque
1357 2991 1540 3026 contextu
1564 2986 1770 3036 quadrare
1789 2991 1888 3038 recte!

208 3039 589 3080 anz'madvevierunt
607 3039 850 3090 Peerlkamp
869 3040 1038 3079 Ribbesk
1147 3054 1226 3091 552
1253 3042 1411 3080 ferebat
1432 3040 1500 3078 Μ2
1612 3053 1691 3091 554
1716 3040 1797 3080 huc
1818 3038 1883 3079 Εἴ
