2020 3372
859 323 1142 373 ECLOGA
1178 323 1226 369 X
1251 315 1254 318 ’

376 448 686 494 EXTREMVM
722 445 871 503 hune,
910 445 1170 502 Arethusa,
1207 442 1328 490 mihi
1365 442 1588 491 concede
1625 442 1877 492 laborem:

306 544 466 591 pauca
501 543 614 575 meo
652 527 812 584 Gallo,
853 526 941 573 sed
978 541 1105 587 quae
1142 526 1271 587 legat
1308 523 1416 586 ipsa
1454 522 1668 585 Lycoris,

306 607 523 656 carmina
559 615 673 656 sunt
710 606 952 655 dicenda:
1005 613 1151 667 neget
1189 604 1299 667 quis
1338 603 1555 652 carmina
1591 605 1777 652 Gallo?

306 688 376 736 sic
412 688 515 746 tibi,
556 705 670 735 cum
706 689 886 735 fluctus
924 685 1260 734 subterlabere
1299 684 1517 743 Sicanos,

308 768 455 817 Doris
491 785 657 816 amara
693 784 833 815 suam
870 783 973 815 non
1012 766 1343 815 intermisceat
1381 767 1583 824 undam,
1854 785 1875 824 5

304 848 467 911 incipe
484 867 497 909 3
552 847 788 896 sollicitos
826 847 957 896 Galli
996 849 1220 896 dicamus
1258 863 1465 906 amores,

304 932 425 979 dum
462 939 630 978 tenera
664 931 927 978 attondent
968 928 1122 978 simae
1159 929 1366 992 virgulta
1404 930 1632 991 capellae.

306 1029 408 1061 non
446 1012 669 1060 canimus
708 1011 880 1072 surdis,
924 1013 1228 1075 respondent
1263 1011 1432 1060 omnia
1468 1011 1629 1059 silvae.

371 1095 515 1155 Quae
553 1110 756 1142 nemora
792 1103 877 1142 aut
914 1093 999 1156 qui
1035 1110 1122 1142 vos
1159 1095 1310 1141 saltus
1348 1093 1580 1151 habuere,
1623 1092 1818 1153 puellae

306 1174 508 1234 Naides,
550 1174 756 1239 indigno
794 1192 908 1223 curn
947 1176 1118 1223 Gallus
1155 1191 1323 1223 amore
1360 1173 1587 1237 peribat?
1828 1193 1875 1220 10

304 1273 420 1303 nam
459 1272 622 1318 neque
660 1256 862 1304 Parnasi
897 1255 1038 1304 vobis
1075 1255 1201 1318 iuga,
1242 1272 1358 1303 nam
1394 1272 1558 1317 neque
1596 1253 1742 1305 Pindi

303 1337 403 1383 ulla
440 1353 628 1384 moram
667 1338 840 1395 fecere,
878 1353 1042 1398 neque
1078 1336 1242 1384 Aonie
1278 1335 1551 1398 Aganippe.

303 1416 442 1465 illum
480 1417 627 1465 etiam
664 1417 799 1476 lauri,
840 1417 987 1465 etiam
1025 1419 1202 1465 flevere
1239 1416 1465 1478 myricae,

301 1498 477 1561 pinifer
513 1499 649 1547 illum
689 1499 836 1548 etiam
874 1501 979 1548 sola
1014 1500 1107 1547 sub
1144 1515 1265 1561 rupe
1301 1498 1546 1547 iacentem

304 1582 579 1640 Maenalus,
619 1590 668 1629 et
702 1580 851 1643 gelidi
887 1583 1126 1629 fleverunt
1163 1597 1278 1629 saxa
1314 1579 1508 1642 Lycaei.
1821 1600 1866 1639 15

248 1650 256 1651 ἶ
301 1670 430 1709 stant
467 1670 515 1709 et
552 1678 668 1709 oves
705 1661 889 1709 circum
930 1660 1104 1724 (nostri
1141 1677 1234 1709 nec
1271 1660 1490 1723 paenitet
1527 1660 1647 1720 illas,

301 1757 394 1790 nec
431 1751 479 1789 te
516 1741 764 1804 paeniteat
801 1740 1007 1804 pecoris,
1048 1740 1214 1789 divine
1252 1749 1400 1803 poeta
1417 1760 1430 1801 3

301 1831 349 1870 et
386 1824 630 1871 formosus
667 1821 772 1870 ovis
808 1823 873 1870 ad
909 1821 1115 1869 flumina
1150 1821 1284 1884 pavit
1321 1820 1552 1884 Adonis),

299 1903 432 1952 venit
469 1913 517 1952 et
555 1903 720 1967 opilio,
761 1903 887 1951 tardi
923 1920 1101 1952 venere
1138 1902 1345 1961 subulci,

300 1984 477 2033 uvidus
514 1984 720 2032 hiberna
755 1984 889 2032 venit
926 1985 989 2032 de
1025 1985 1205 2046 glande
1244 1985 1513 2032 Menalcas.
1816 2005 1866 2032 20

301 2082 475 2113 omnes
516 2066 680 2113 ‘unde
727 2081 866 2112 amor
903 2064 1023 2112 iste'
1061 2073 1233 2126 rogant
1274 2063 1456 2111 ‘tibi?'
1493 2063 1627 2112 venit
1664 2064 1863 2126 Apollo,

305 2149 315 2169 ‘
337 2147 491 2204 Galle,
532 2144 654 2207 quid
691 2144 939 2192 insanis?'
976 2143 1135 2206 inquit
1176 2148 1288 2191 ‘tua
1324 2160 1440 2191 cur-a
1478 2142 1678 2205 Lycoris

299 2243 485 2289 perque
522 2225 659 2274 nives
695 2225 848 2273 alium
884 2242 1070 2287 perque
1107 2224 1306 2273 horrida
1342 2233 1499 2273 castra
1536 2233 1705 2272 secuta
1741 2227 1845 2273 est.'

297 2307 431 2355 venit
468 2315 516 2354 et
551 2305 728 2368 agresti
765 2305 938 2368 capitis
976 2305 1200 2354 Silvanus
1238 2307 1441 2363 honore,

297 2386 515 2435 florentis
553 2388 730 2435 ferulas
767 2395 816 2434 et
851 2386 1057 2449 grandia
1094 2385 1193 2434 lilia
1230 2402 1482 2449 quassans.
1816 2407 1864 2446 25

298 2469 403 2515 Pan
440 2469 562 2516 deus
600 2466 843 2515 Arcadiae
880 2467 1027 2526 venit,
1068 2483 1218 2529 quem
1255 2466 1469 2515 vidimus
1507 2466 1600 2529 ipsi

297 2547 576 2611 sanguineis
613 2547 746 2596 ebuli
782 2547 917 2596 bacis
954 2547 1209 2611 minioque
1246 2548 1518 2596 rubentem.

302 2628 500 2690 ‘ecquis
538 2627 627 2676 erit
664 2629 910 2677 modus?'
947 2628 1107 2691 inquit
1147 2632 1331 2677 ‘Amor
1367 2646 1469 2677 non
1507 2628 1621 2676 talia
1657 2637 1806 2688 curat,

250 2756 305 2795 X.
352 2770 428 2806 1-9
448 2756 561 2806 MP3
596 2758 726 2796 10-28
747 2755 878 2795 MPR
1123 2770 1140 2795 1
1174 2757 1364 2796 laborum
1394 2756 1456 2794 Ρι
1625 2771 1675 2796 10
1704 2758 1866 2808 periret

196 2811 246 2849 M
251 2811 403 2860 ¹7²a²bc
552 2824 600 2849 12
630 2812 755 2850 aonie
775 2825 824 2850 ac
840 2810 952 2850 codd.
977 2810 1181 2849 detertbres
1201 2812 1318 2850 Serv.
1340 2825 1348 2848 ε
1380 2810 1537 2849 Aoinie
1559 2811 1640 2850 Pb¹
1658 2826 1667 2849 :
1699 2813 1867 2851 Aoniae

195 2865 316 2915 MR7
331 2866 603 2916 grammatici
767 2878 814 2914 17
846 2864 928 2904 eicit
946 2865 1119 2904 Ribbeck
1288 2878 1336 2915 19
1368 2866 1496 2915 opilio
1517 2865 1661 2915 a²b²c7
1677 2868 1689 2905 ’ζ
1703 2881 1732 2904 π
1745 2866 1863 2906 schol.

194 2919 332 2970 Rern„
353 2933 481 2970 quam
490 2919 683 2969 sormam
699 2920 893 2971 praetulit
914 2919 1066 2970 Caper:
1108 2920 1253 2970 opillio
1273 2919 1333 2957 Pl
1351 2933 1359 2957 :
1402 2920 1533 2970 upilio
1554 2919 1730 2959 MRa¹b¹
1752 2922 1866 2960 Serv.

197 2973 380 3024 subulci]
394 2974 469 3012 alii
483 2973 651 3012 bubulci
762 2987 816 3013 20
845 2974 1012 3012 umidus
1027 2974 1069 3013 R
1181 2987 1234 3023 23
1264 2973 1421 3025 castra]
1444 2987 1547 3013 saxa
1566 2973 1628 3012 Pl
1740 2977 1792 3014 28
1822 2981 1866 3014 et

196 3029 293 3077 quis
311 3026 546 3078 P¹R7abcrr
