2014 3372
1389 169 1750 219 AENEIDOS
1790 170 1814 218 I

149 310 318 357 haeret
354 317 402 357 et
437 307 686 357 interdum
722 308 908 372 gremio
945 310 1078 358 fovet
1112 308 1268 357 inscia
1307 308 1442 358 Dido

148 391 330 440 insidat
368 401 581 454 quantus
618 391 825 440 miserae
861 393 997 440 deus.
1071 402 1120 440 at
1157 409 1348 441 memor
1382 393 1464 442 ille

149 472 315 520 matris
350 471 606 521 Acidaliae
641 472 878 536 paulatim
914 474 1113 522 abolere
1150 475 1426 536 Sychaeum
1737 492 1816 535 720

148 552 320 616 incipit
357 562 405 602 et
440 553 552 611 vivo
589 563 797 616 temptat
833 563 1138 617 praevertere
1173 571 1342 604 amore

147 633 246 681 iarn
287 633 479 696 pridem
515 634 699 683 resides
736 634 930 683 animos
967 637 1271 698 desuetaque
1308 637 1470 684 corda.

217 718 487 778 Postquam
524 715 681 778 prima
717 716 856 779 quies
894 717 1051 780 epulis
1087 734 1390 781 mensaeque
1426 726 1659 779 remotae,

147 807 356 847 crateras
394 815 600 860 magnos
638 807 859 847 statuunt
896 808 943 848 et
979 799 1093 847 vina
1129 809 1381 849 coronant.

146 881 201 928 fit
237 879 465 943 strepitus
502 880 643 929 tectis
680 897 957 945 vocemque
991 899 1079 945 per
1113 884 1279 945 ampla
1314 884 1538 931 volutant
1737 901 1811 944 725

145 961 299 1022 atria3
348 963 635 1025 dependent
672 963 838 1025 lychni
873 963 1185 1026 laquearibus
1222 963 1380 1012 aureis
1408 1022 1411 1023 ⁷

146 1042 335 1091 incensi
372 1052 419 1091 et
456 1052 655 1091 noctem
693 1043 904 1092 flammis
941 1044 1125 1092 funalia
1159 1044 1376 1092 vincunt.

146 1122 227 1171 hic
265 1123 430 1186 regina
465 1141 661 1187 gravem
697 1124 905 1188 gemmis
941 1141 1161 1187 auroque
1198 1125 1426 1188 poposcit

146 1203 466 1267 implevitque
503 1223 640 1254 mero
676 1216 910 1269 pateram,
950 1223 1100 1268 quam
1139 1209 1289 1255 Belus
1326 1215 1375 1255 et
1410 1223 1588 1256 omnes

145 1302 174 1334 a
212 1287 333 1334 Belo
371 1286 530 1347 soliti3
580 1297 685 1335 tum
722 1289 851 1335 facta
888 1286 1080 1335 silentia
1117 1287 1288 1336 tectis:
1738 1306 1814 1350 730

150 1367 413 1430 ‘Iuppiter‚
454 1367 731 1430 hospitibus
769 1366 884 1416 riam
922 1378 970 1416 te
1007 1370 1123 1417 dare
1160 1368 1264 1417 iura
1300 1371 1584 1432 loquuntur,

146 1450 278 1498 hunc
315 1452 499 1498 laetum
537 1450 796 1513 Tyriisque
833 1450 966 1499 diem
1004 1450 1253 1513 Troiaque
1290 1450 1521 1513 profectis

145 1548 271 1580 esse-
288 1531 419 1591 velis,
461 1541 756 1594 nostrosque
792 1531 938 1580 huius
975 1531 1259 1580 meminisse
1296 1531 1524 1581 minores.

144 1613 273 1662 adsit
308 1612 520 1661 laetitiae
558 1614 785 1660 Bacchus
822 1614 965 1661 dator
1000 1622 1048 1661 et
1084 1613 1218 1661 bona
1256 1615 1385 1661 Iuno
1405 1632 1419 1674 3

145 1703 194 1742 et
229 1711 330 1754 vos,
370 1711 400 1743 o
438 1703 651 1753 coetum,
691 1693 839 1756 Tyrii,
878 1694 1122 1741 celebrate
1160 1694 1410 1741 faventes.'
1740 1713 1816 1757 735

145 1775 266 1825 dixit
303 1784 351 1824 et
387 1775 437 1822 in
477 1791 700 1823 mensam
738 1774 940 1822 laticum
978 1773 1146 1822 libavit
1183 1776 1424 1823 honorem

144 1857 414 1920 primaque,
456 1855 621 1915 libato,
664 1872 860 1904 summo
897 1865 1040 1905 tenus
1076 1855 1234 1918 attigit
1270 1873 1384 1917 ore3

119 1947 250 1985 'tum
288 1937 446 1986 Bitiae
484 1936 623 1986 dedit
659 1935 957 1999 increpitans
975 1955 988 1997 3
1036 1936 1116 1985 ille
1152 1936 1358 2000 impiger
1392 1937 1555 1986 hausit

145 2028 458 2081 spumantem
494 2028 716 2082 pateram
755 2027 803 2065 et
838 2020 987 2079 pleno
1025 2034 1076 2066 se
1112 2017 1292 2080 proluit
1327 2035 1447 2067 auro
1467 2038 1481 2080 3

145 2110 257 2163 post
291 2101 372 2149 alii
409 2117 650 2163 proceres.
728 2099 913 2147 cithara
949 2099 1149 2147 crinitus
1189 2101 1336 2162 Iopas
1741 2122 1818 2164 740

145 2191 375 2245 personat
410 2191 592 2242 aurata,
636 2180 807 2230 docuit
845 2196 994 2242 quem
1033 2179 1274 2228 maximus
1312 2182 1464 2230 Atlas.

145 2263 226 2311 hic
262 2263 393 2312 canit
430 2272 673 2312 errantem
711 2264 880 2310 lunam
918 2260 1133 2323 solisque
1169 2262 1376 2321 labores,

146 2347 280 2394 unde
316 2345 577 2394 hominum
617 2361 771 2408 genus
812 2353 859 2392 et
898 2344 1130 2405 pecudes,
1171 2344 1304 2390 unde
1341 2342 1499 2392 imber
1535 2354 1582 2393 et
1619 2345 1768 2409 ignes,

145 2428 410 2474 Arcturum
448 2427 738 2490 pluviasque
781 2426 988 2488 Hyadas
1027 2423 1352 2486 geminosque
1388 2424 1597 2474 Triones
1617 2444 1631 2487 3

147 2506 268 2569 quid
304 2516 495 2556 tantum
537 2509 742 2557 Oceano
782 2515 1047 2570 properent
1087 2521 1138 2552 se
1176 2503 1362 2566 tingere
1399 2507 1526 2554 soles
1743 2524 1817 2568 745

83 2611 85 2613 ·
147 2587 353 2647 hiberni,
391 2591 467 2637 vel
505 2605 632 2651 quae
669 2589 818 2638 tardis
856 2605 994 2637 mora
1030 2586 1261 2635 noctibus
1298 2586 1472 2635 obstet.

147 2667 452 2730 ingeminant
487 2672 662 2732 plausu
700 2670 848 2732 Tyrii,
890 2673 1145 2733 Troesque
1182 2677 1467 2731 sequuntur.

147 2766 241 2797 nec
277 2766 379 2798 non
415 2759 463 2797 et
499 2750 632 2798 vario
669 2760 868 2799 noctem
907 2768 1134 2800 sermone
1171 2750 1395 2798 trahebat

205 2880 391 2928 718—722
417 2878 584 2918 GMPR
601 2892 611 2927 ;
645 2883 832 2930 723—748
854 2880 984 2918 MPR
1154 2894 1231 2931 719
1263 2882 1446 2920 insideat
1482 2880 1606 2919 Gch
1639 2880 1819 2932 agnoscit

149 2931 203 2970 D.
237 2933 350 2972 Serv.
370 2947 378 2971 :
419 2934 590 2972 insidiat
610 2933 657 2984 7¹
782 2948 859 2983 724
890 2934 1090 2986 magnos]
1111 2935 1210 2974 laeti
1232 2936 1394 2975 Nonius
1413 2950 1433 2975 e
1451 2935 1520 2973 vii.
1550 2948 1624 2984 147
1740 2948 1818 2984 725

150 2985 216 3037 fit]
239 2987 281 3024 id
299 2986 369 3037 7¹:
400 2988 431 3025 it
451 2988 473 3025 b
493 2987 698 3026 deteriores
717 2989 888 3037 quidam
910 2988 1023 3028 Serv.
1046 2988 1217 3028 Ribbeck
1331 3003 1411 3042 729
1431 3003 1515 3040 qua
1538 2988 1654 3028 Valla
1741 3002 1814 3041 741

149 3039 294 3091 quem]
317 3053 425 3089 quae
445 3040 536 3091 7²⁷r²
557 3042 815 3081 commendat
833 3042 946 3083 Serv.
