2014 3372
203 138 255 185 P.
295 137 595 185 VERGILI
635 135 964 185 MARONIS

202 275 318 325 hinc
355 283 570 339 quoque
593 275 891 338 quingentos
928 272 980 322 in
1016 289 1070 322 se
1107 271 1385 321 Mezentius
1421 279 1591 330 armat,

201 375 327 421 quos
363 367 501 421 patre
539 359 742 406 Benaco
777 357 967 405 velatus
1003 353 1282 404 harundine
1317 355 1492 417 glauca
1803 370 1882 412 ²05

203 439 422 488 Mincius
459 439 638 487 infesta
673 438 890 487 ducebat
927 437 979 485 in
1014 453 1233 501 aequora
1268 434 1402 499 pinu,

200 521 237 570 it
273 520 430 585 gravis
466 522 698 569 Aulestes
736 528 1048 582 centenaque
1083 518 1259 566 arbore
1294 518 1502 564 fluctum

200 604 425 653 verberat
460 605 746 666 adsurgens,
787 611 1021 666 spumant
1057 602 1184 650 vada
1220 615 1464 648 marmore
1498 613 1655 646 verso.

200 687 335 734 hunc
370 685 505 734 vehit
541 684 772 733 immanis
810 683 987 732 Triton
1025 691 1073 731 et
1109 682 1304 731 caerula
1346 680 1541 729 concha

200 777 447 817 exterrens
483 770 619 827 freta,
660 767 741 816 cui
777 769 987 816 laterum
1024 774 1168 814 tenus
1205 762 1403 826 hispida
1438 761 1577 810 nanti
1804 780 1882 809 210

198 851 333 899 frons
370 849 628 899 hominem
665 851 889 912 praefert,
931 849 983 897 in
1021 848 1211 913 pristim
1248 845 1429 896 desinit
1465 846 1616 904 alvus,

199 948 406 994 spumea
442 931 672 980 semifero
709 932 802 980 sub
840 940 1040 995 pectore
1079 936 1352 978 murmurat
1387 928 1537 976 unda.

267 1017 367 1063 Tot
402 1013 518 1063 lecti
552 1031 781 1077 proceres
818 1023 892 1063 ter
927 1013 1070 1063 denis
1108 1011 1317 1061 navibus
1354 1010 1494 1059 ibant

198 1095 423 1145 subsidio
459 1095 639 1145 Troiae
676 1105 725 1145 et
761 1113 966 1160 campos
1004 1095 1117 1144 salis
1155 1110 1267 1142 aere
1304 1093 1553 1141 secabant.

267 1179 477 1241 Iamque
513 1177 620 1227 dies
657 1180 797 1227 caelo
833 1186 1146 1227 concesserat
1183 1178 1413 1239 almaque
1449 1191 1594 1223 curru
1805 1193 1880 1233 215

198 1259 461 1324 noctivago
499 1260 705 1309 Phoebe
742 1259 964 1309 medium
1001 1259 1232 1323 pulsabat
1269 1257 1576 1320 Olympum:

198 1345 395 1391 Aeneas
434 1341 619 1407 (neque
656 1341 790 1391 enim
827 1341 1064 1391 membris
1101 1342 1187 1390 dat
1223 1355 1340 1388 cura
1376 1335 1618 1402 quietem)

197 1423 303 1487 ipse
340 1424 520 1472 sedens
557 1425 854 1486 clavumque
890 1423 1012 1486 regit
1048 1422 1270 1485 velisque
1307 1419 1563 1468 ministrat.

195 1514 345 1568 atque
382 1504 450 1552 illi
487 1504 655 1553 medio
692 1504 743 1553 in
780 1505 941 1568 spatio
978 1506 1171 1562 chorus,
1212 1519 1342 1561 ecce,
1384 1518 1583 1550 suarum

197 1586 408 1635 occurrit
445 1585 719 1635 comitum:
774 1587 1037 1650 nymphae,
1078 1602 1201 1648 quas
1237 1586 1368 1632 alma
1405 1582 1612 1645 Cybebe
1803 1603 1881 1632 220

197 1685 383 1716 numen
421 1667 605 1716 habere
642 1667 788 1715 maris
826 1668 1171 1730 nymphasque
1209 1682 1236 1714 e
1273 1662 1483 1712 navibus
1520 1680 1629 1713 esse

196 1748 414 1807 iusserat,
455 1748 696 1797 innabant
733 1748 912 1812 pariter
948 1750 1228 1811 fluctusque
1266 1746 1515 1804 secabant,

196 1839 318 1893 quot
354 1830 487 1894 prius
524 1839 718 1878 aeratae
754 1839 991 1879 steterant
1027 1832 1092 1879 ad
1129 1829 1272 1878 litora
1307 1844 1493 1891 prorae.

194 1920 471 1974 agnoscunt
506 1912 653 1974 longe
690 1914 856 1973 regem
894 1912 1201 1973 lustrantque
1240 1908 1445 1958 choreis.

195 2008 403 2055 quarum
441 2009 569 2055 quae
605 1991 743 2041 fandi
780 1991 1069 2041 doctissima
1108 1993 1431 2055 Cymodocea
1800 2014 1874 2054 225

193 2090 326 2136 pone
363 2090 577 2137 sequens
613 2075 784 2123 dextra
820 2074 1028 2138 puppim
1067 2083 1203 2123 tenet
1240 2074 1447 2137 ipsaque
1483 2075 1633 2123 dorso

193 2155 378 2204 eminet
414 2173 472 2204 ac
509 2158 648 2205 laeva
683 2156 842 2205 tacitis
881 2156 1184 2220 subremigat
1222 2156 1383 2206 undis.

192 2245 298 2285 tum
335 2235 406 2285 sic
442 2236 666 2300 ignarum
703 2237 1019 2301 adloquitur:
1064 2238 1342 2302 ‘vigilasne,
1383 2239 1534 2287 deum
1570 2254 1704 2301 gens,

190 2322 404 2368 Aenea?
451 2319 596 2384 vigila
632 2329 681 2368 et
717 2320 836 2369 velis
879 2321 1090 2371 immitte
1129 2321 1365 2371 rudentis.

191 2417 282 2449 nos
320 2417 503 2460 sumus,
546 2402 728 2450 Idaeae
765 2418 906 2451 sacro
947 2404 1011 2452 de
1049 2402 1231 2451 vertice
1267 2402 1427 2465 pinus,
1795 2423 1873 2463 230

190 2498 324 2529 nunc
360 2481 520 2545 pelagi
557 2484 819 2546 nymphae,
864 2483 1032 2533 classis
1072 2493 1168 2532 tua.
1243 2485 1461 2547 perfidus
1498 2493 1553 2532 ut
1587 2501 1679 2534 nos

190 2562 469 2626 praecipitis
506 2566 632 2612 ferro
674 2567 891 2614 Rutulus
931 2568 1233 2629 flammaque
1269 2566 1539 2629 premebat,

188 2643 410 2705 rupimus
447 2644 629 2694 invitae
666 2655 751 2694 tua
787 2646 985 2695 vincula
1022 2656 1171 2710 teque
1207 2663 1295 2710 per
1330 2664 1516 2710 aequor

190 2726 484 2787 quaerimus.
562 2729 692 2776 hanc
729 2728 949 2791 genetrix
986 2729 1164 2777 faciem
1203 2728 1432 2777 miserata
1468 2729 1636 2778 refecit

243 2857 433 2906 204-208
455 2855 651 2906 MPRV3
692 2871 883 2907 209—234
905 2856 1037 2896 MPR
1214 2870 1292 2907 207
1324 2859 1476 2897 fluctus
1495 2858 1562 2897 Rb
1682 2870 1759 2896 221
1792 2871 1867 2898 no-

190 2922 287 2949 men
303 2910 389 2962 Pyl
502 2924 582 2960 223
605 2911 728 2963 quot]
751 2925 860 2962 quae
880 2912 936 2950 P2
1047 2913 1203 2963 puppis
1217 2911 1268 2950 M
1273 2910 1287 2934 ¹
1400 2925 1479 2962 225
1501 2912 1628 2951 nandi
1642 2910 1873 2953 Markland

190 2977 267 3013 233
299 2966 533 3015 rumpimus
554 2966 709 3016 aliquot
725 2963 923 3005 Pien‘iD.
946 2965 1061 3006 Serv.
