2014 3372
238 169 290 216 P.
331 168 633 216 VERGILI
672 168 1000 217 MARONIS

236 317 337 357 tam
375 326 550 358 saevae
586 309 751 369 facies,
791 318 866 357 tot
900 310 1111 372 pullulat
1146 307 1250 358 atra
1286 309 1516 360 colubris.

235 408 386 454 quam
426 394 556 440 Iuno
594 391 670 440 his
707 390 839 452 acuit
875 391 1037 440 verbis
1073 408 1133 440 ac
1168 391 1285 440 talia
1319 393 1476 441 fatur:

239 477 250 499 ‘
270 475 404 522 hunc
441 474 563 522 mihi
601 476 667 523 da
701 473 972 537 proprium,
1007 473 1144 537 virgo
1182 483 1287 523 sata
1323 476 1501 535 Nocte,
1541 475 1776 537 laborem,

234 557 365 604 hanc
402 573 620 619 operam,
661 573 724 605 ne
762 565 930 605 noster
965 557 1128 605 honos
1165 555 1433 605 infractave
1469 559 1615 607 cedat

234 639 366 686 fama
402 639 527 697 loco,
569 655 667 686 neu
705 637 935 686 conubiis
970 637 1160 686 ambire
1197 637 1433 686 Latinum

232 721 502 768 Aeneadae
539 719 732 783 possint
770 722 986 768 Italosve
1022 719 1253 768 obsidere
1289 719 1414 768 finis.

233 810 286 849 tu
323 810 465 865 potes
503 801 770 850 unanimos
806 819 997 850 armare
1031 801 1083 850 in
1119 801 1307 865 proelia
1342 804 1512 851 fratres

233 891 383 946 atque
420 883 548 932 odiis
585 901 777 933 versare
814 885 1009 944 domos,
1049 892 1102 932 tu
1139 884 1343 932 verbera
1378 884 1521 932 tectis

231 966 561 1028 funereasque
597 965 776 1014 inferre
812 967 959 1024 faces,
999 964 1091 1013 tibi
1127 964 1334 1013 nomina
1370 964 1518 1025 mille,

231 1045 365 1095 mille
402 1046 620 1095 nocendi
657 1056 797 1096 artes.
873 1048 1149 1095 fecundum
1187 1056 1400 1095 concute
1435 1055 1624 1109 pectus,

229 1127 383 1176 disice
421 1128 753 1191 compositam
790 1145 982 1191 pacem,
1024 1145 1130 1177 sere
1167 1127 1373 1176 crimina
1409 1128 1560 1189 belli3

226 1226 363 1258 arma
399 1210 516 1259 velit
552 1219 828 1274 poscatque
868 1210 1015 1259 simul
1053 1210 1311 1273 rapiatque
1347 1210 1609 1259 iuventus.'

297 1291 443 1339 Exim
482 1291 760 1355 Gorgoneis
797 1294 995 1341 Allecto
1033 1292 1217 1341 infecta
1253 1291 1458 1340 venenis

225 1373 469 1438 principio
509 1373 709 1422 Latium
747 1383 796 1423 et
835 1374 1097 1423 Laurentis
1137 1382 1268 1422 tecta
1304 1373 1498 1436 tyranni

225 1458 356 1505 celsa
392 1455 528 1519 petit,
569 1455 877 1518 tacitumque
916 1455 1114 1504 obsedit
1152 1454 1305 1502 limen
1344 1457 1568 1514 Amatae,

225 1556 375 1602 quam
413 1555 559 1601 super
595 1539 814 1586 adventu
854 1540 1107 1586 Teucrum
1146 1535 1404 1599 Turnique
1441 1529 1729 1598 hymenaeis

223 1620 469 1669 femineae
505 1621 764 1669 ardentem
804 1636 1050 1682 curaeque
1088 1618 1289 1682 iraeque
1328 1618 1625 1681 coquebant.

224 1702 341 1751 huic
378 1704 472 1751 dea
509 1701 746 1751 caeruleis
785 1718 942 1750 unum
981 1702 1045 1750 de
1085 1700 1303 1749 crinibus
1341 1716 1556 1762 anguem

225 1784 421 1845 conicit,
462 1784 614 1848 inque
652 1784 816 1833 sinum
855 1783 1145 1848 praecordia
1182 1784 1247 1832 ad
1285 1781 1461 1830 intima
1497 1781 1680 1842 subdit,

224 1884 324 1931 quo
361 1866 630 1916 furibunda
667 1868 875 1915 domum
915 1875 1140 1915 monstro
1179 1864 1475 1928 permisceat
1513 1881 1729 1914 omnem.

222 1949 304 1998 ille
340 1949 467 1998 inter
502 1947 650 1997 vestis
688 1957 737 1996 et
773 1947 900 1997 levia
936 1957 1139 2011 pectora
1177 1950 1343 2010 lapsus

221 2030 434 2080 volvitur
470 2038 656 2078 attactu
693 2031 846 2089 nullo,
886 2029 1109 2092 fallitque
1149 2031 1395 2078 furentem

221 2112 470 2175 vipeream
507 2111 751 2174 inspirans
789 2110 1007 2159 animam
1026 2129 1038 2171 3
1088 2112 1143 2158 fit
1181 2111 1343 2160 tortile
1383 2113 1512 2160 collo

220 2210 396 2242 aurum
433 2193 608 2256 ingens
646 2193 863 2252 coluber,
903 2194 958 2241 fit
995 2195 1176 2256 longae
1216 2193 1380 2242 taenia
1417 2192 1568 2240 vittae

220 2275 530 2339 innectitque
567 2292 736 2324 comas
774 2285 822 2324 et
860 2276 1095 2324 membris
1136 2275 1355 2325 lubricus
1394 2284 1531 2324 errat.

219 2374 278 2406 ac
316 2359 438 2406 dum
474 2357 633 2420 prima
668 2359 775 2406 lues
811 2359 914 2407 udo
953 2359 1188 2422 sublapsa
1225 2375 1430 2426 veneno·

219 2449 520 2503 pertemptat
557 2458 730 2490 sensus
767 2450 917 2506 atque
956 2442 1152 2492 ossibus
1191 2442 1413 2506 implicat
1449 2441 1615 2504 ignem

220 2523 440 2571 necdum
476 2522 671 2571 animus
709 2533 816 2573 toto
855 2525 1076 2588 percepit
1112 2533 1314 2588 pectore
1350 2525 1616 2580 flammam,

222 2604 419 2654 mollius
457 2613 505 2652 et
542 2605 688 2653 solito
728 2616 942 2655 matrum
980 2609 1044 2656 de
1082 2624 1220 2656 more
1256 2609 1422 2655 locuta
1458 2614 1545 2664 est,

222 2688 378 2734 multa
414 2703 561 2749 super
598 2697 744 2737 natae
783 2689 1045 2738 lacrimans
1085 2688 1407 2752 Phrygiisque
1443 2682 1759 2749 hymenaeis:

225 2768 569 2818 ‘exsulibusne
609 2773 753 2820 datur
789 2772 1022 2821 ducenda
1060 2770 1266 2819 Lavinia
1301 2769 1521 2829 Teucris,

1833 413 1920 455 330

1832 821 1914 863 335

1832 1232 1915 1272 340

1824 1638 1908 1679 '345

1826 2047 1909 2088 350

1822 2457 1903 2498 355

277 2911 358 2948 329
378 2898 573 2948 FMRV3
606 2913 795 2950 330—351
820 2899 979 2949 MRV;
1011 2910 1203 2950 352-359
1228 2898 1321 2937 MR
1488 2910 1570 2947 330
1598 2894 1758 2947 verbis]
1779 2895 1902 2935 dictis

221 2952 293 3003 Εγ
435 2968 516 3006 333
547 2968 627 2994 nec
647 2955 812 2995 Nonius
965 2967 1044 3004 337
1076 2968 1177 3005 -que
1198 2968 1281 2994 om.
1310 2953 1388 2992 Vm
1528 2951 1622 3002 tibi]
1649 2952 1716 2990 cui
1738 2951 1904 2990 Nonius

221 3018 298 3056 351
333 3010 501 3059 spirans
540 3008 635 3047 MV
793 3022 872 3060 357
905 3015 970 3048 est
989 3022 1071 3048 om.
1093 3008 1190 3060 M7¹
1358 3009 1438 3057 358
1469 3012 1566 3046 nata
1587 3006 1701 3058 R72b
