2014 3372
253 153 307 201 P.
347 152 648 201 VERGILI
687 152 1015 201 MARONIS

250 295 621 343 Anchemolum
656 295 901 342 thalamos
937 310 1114 342 ausum
1149 291 1388 342 incestare
1424 310 1677 344 novercae.
1728 290 1731 292 ’

250 392 337 423 vos
375 375 537 434 etiam,
577 374 775 437 gemini,
819 374 1017 424 Rutulis
1056 374 1302 424 cecidistis
1338 374 1389 423 in
1425 375 1566 439 agris,
1847 397 1934 439 390

251 459 455 520 Daucia‚
498 458 677 508 Laride
713 459 1082 522 Thymberque,
1122 458 1370 507 simillima
1406 460 1582 521 proles,

247 541 514 591 indiscreta
550 540 650 590 suis
687 550 953 603 gratusque
989 540 1276 604 parentibus
1313 556 1444 589 error
1464 559 1477 601 3

246 633 296 671 at
332 641 466 672 nunc
502 624 626 672 dura
661 621 800 671 dedit
834 620 976 670 vobis
1013 620 1297 670 discrimina
1333 622 1505 669 Pallas.

247 722 363 753 nam
400 704 503 764 tibi,
543 704 810 767 Thymbre,
851 712 999 767 caput
1037 702 1318 752 Euandrius
1354 701 1556 752 abstulit
1593 702 1757 764 ensis;

250 795 295 835 te
331 785 499 835 decisa
534 802 692 844 suum,
734 784 927 843 Laride,
968 786 1168 834 dextera
1204 783 1394 847 quaerit
1846 804 1925 845 395

247 867 661 931 semianimesque
698 867 883 916 micant
920 866 1061 930 digiti
1097 869 1378 929 ferrumque
1414 875 1689 915 retractant.

245 953 467 1000 Arcadas
502 967 739 999 accensos
776 949 969 998 monitu
1006 958 1054 998 et
1090 950 1338 1012 praeclara
1373 948 1555 997 tuentis

244 1036 374 1082 facta
408 1034 496 1082 viri
533 1034 713 1082 mixtus
750 1035 893 1082 dolor
928 1042 977 1081 et
1013 1035 1175 1096 pudor
1204 1042 1360 1081 armat
1396 1031 1447 1080 in
1483 1032 1650 1081 hostis.

312 1118 445 1163 Tum
483 1117 643 1163 Pallas
679 1113 857 1177 biiugis
895 1113 1165 1177 fugientem
1206 1115 1434 1162 Rhoetea
1470 1122 1662 1176 praeter

243 1196 413 1245 traicit.
488 1198 585 1245 hoc
621 1195 835 1259 spatium
873 1205 1167 1258 tantumque
1204 1212 1372 1244 morae
1408 1194 1499 1242 fuit
1536 1196 1645 1254 1103
1843 1215 1928 1255 400

244 1280 322 1327 Ilo
358 1295 574 1342 namque
610 1279 783 1341 procul
818 1277 1033 1326 validam
1071 1279 1323 1326 derexerat
1359 1278 1564 1336 hastam,

242 1377 393 1424 quam
431 1359 624 1408 medius
663 1361 920 1408 Rhoeteus
957 1358 1216 1421 intercipit,
1259 1357 1446 1420 optime
1482 1358 1717 1418 Teuthra,

241 1451 290 1491 te
326 1442 518 1505 fugiens
554 1443 852 1503 fratremque
889 1443 1067 1503 Tyren,
1109 1456 1352 1502 curruque
1388 1441 1584 1488 volutus

241 1524 403 1573 caedit
440 1522 742 1573 semianimis
781 1524 1081 1570 Rutulorum
1119 1520 1337 1570 calcibus
1373 1537 1498 1569 arva.

239 1623 298 1655 ac
333 1608 467 1655 velut
503 1614 674 1668 optato
709 1602 868 1652 ventis
905 1611 1090 1651 aestate
1127 1602 1307 1651 coortis
1840 1623 1920 1663 405

240 1688 461 1751 dispersa
496 1686 717 1735 immittit
754 1685 886 1735 silvis
923 1685 1156 1734 incendia
1196 1694 1374 1749 pastor,

239 1770 474 1834 correptis
512 1769 677 1818 subito
715 1768 891 1818 mediis
929 1767 1208 1817 extenditur
1243 1784 1345 1816 una

238 1853 437 1902 horrida
471 1870 558 1916 per
594 1854 718 1900 latos
754 1851 885 1900 acies
921 1850 1165 1899 Volcania
1200 1866 1416 1913 campos,

237 1935 318 1984 ille
355 1937 533 1984 sedens
570 1934 726 1983 victor
761 1935 986 1982 flammas
1023 1934 1279 1995 despectat
1314 1931 1539 1980 ovantis:

238 2035 340 2067 non
376 2018 515 2067 aliter
550 2015 742 2066 socium
778 2015 930 2063 virtus
967 2014 1067 2063 coit
1103 2013 1265 2063 omnis
1301 2013 1352 2061 in
1389 2030 1546 2061 unum
1837 2032 1920 2071 4¹0

237 2110 386 2163 teque
421 2099 567 2158 iuvat,
609 2099 756 2147 Palla.
832 2098 921 2145 sed
957 2096 1099 2145 bellis
1136 2113 1247 2144 acer
1285 2097 1532 2143 Halaesus

236 2181 482 2231 tenditin
518 2182 750 2229 adversos
787 2196 940 2242 seque
975 2178 1026 2226 in
1069 2194 1158 2227 sua
1195 2177 1379 2240 colligit
1414 2193 1561 2225 arma.

236 2263 317 2312 hic
353 2271 535 2311 mactat
572 2263 781 2310 Ladona
818 2262 1128 2323 Pheretaque
1167 2260 1634 2321 Demodocumque,

236 2344 517 2408 Strymonio
553 2345 775 2392 dextram
812 2341 1017 2405 fulgenti
1055 2340 1233 2404 deripit
1269 2357 1387 2389 ense

235 2429 413 2474 elatam
449 2426 500 2474 in
536 2425 774 2488 iugulum,
816 2440 933 2472 saxo
970 2422 1079 2472 ferit
1115 2439 1201 2471 ora
1236 2420 1479 2470 Thoantis
1833 2437 1913 2479 415

235 2523 445 2570 ossaque
481 2506 709 2570 dispersit
746 2506 949 2554 cerebro
987 2503 1226 2568 permixta
1263 2511 1480 2551 cruento.

234 2590 333 2636 fata
368 2605 550 2636 canens
588 2587 720 2635 silvis
756 2586 948 2650 genitor
985 2588 1165 2634 celarat
1202 2586 1511 2643 Halaesum3

234 2679 287 2717 ut
324 2668 486 2717 senior
521 2670 622 2717 leto
659 2667 889 2717 canentia
926 2666 1116 2715 lumina
1153 2665 1310 2724 solvit,

233 2750 443 2799 iniecere
480 2766 685 2797 manum
724 2751 906 2796 Parcae
943 2747 1152 2810 telisque
1192 2755 1442 2794 sacrarunt

288 2883 483 2930 389-419
501 2879 633 2917 MPR
849 2891 930 2928 390
958 2877 1070 2916 arvis
1090 2876 1302 2928 MR7²bcrr
1440 2876 1521 2925 398
1549 2871 1707 2925 pudor]
1729 2872 1846 2911 furor
1865 2871 1910 2910 R

234 2949 311 2984 401
345 2936 561 2974 direxerat
582 2932 766 2984 M1P7bc
889 2945 967 2982 417
999 2944 1156 2972 cavens
1177 2930 1515 2981 Hamburgenszsss
1527 2929 1694 2979 primus
1718 2924 1911 2965 nonnulli

234 2989 371 3038 Pierii,
394 2989 578 3040 agnoscit
594 2987 706 3027 Serv.
