2014 3372
1372 143 1733 192 AENEIDOS
1764 142 1827 201 ,ΙΙ

167 301 270 334 non
306 283 396 333 tibi
431 281 729 347 Tyndaridis
751 279 914 329 ‘facies
950 278 1108 328 invisa
1143 281 1401 332 Lacaenae

167 368 454 429 culpatusve
490 364 638 423 Paris,
678 363 849 413 divum
885 360 1214 419 inclementia,
1255 359 1437 418 divum,

167 449 254 495 has
291 446 462 495 evertit
497 462 617 508 opes
654 444 926 507 sternitque
960 460 990 491 a
1026 441 1243 492 culmine
1278 440 1494 489 Troiam.

165 528 330 591 aspice
369 527 605 591 (namque
641 543 857 585 omnem,
897 542 1026 588 quae
1061 541 1195 572 nunc
1231 523 1451 572 obducta
1485 519 1643 569 tuenti

166 609 383 657 mortalis
420 609 622 657 hebetat
655 607 788 656 visus
824 606 914 655 tibi
950 615 999 655 et
1034 604 1204 654 umida
1240 604 1424 652 circum

165 690 352 753 caligat,
394 691 580 738 nubem
617 688 856 752 eripiam3
902 697 956 736 tu
993 704 1056 736 ne
1093 703 1191 749 qua
1225 683 1439 748 parentis

165 770 296 819 iussa
331 771 449 819 time
485 787 583 819 neu
619 768 892 833 praeceptis
930 784 1098 831 parere
1134 767 1359 831 recusa):

164 851 257 911 hic,
298 852 383 900 ubi
420 852 649 901 disiectas
686 853 843 900 moles
879 851 1148 912 avulsaque
1183 847 1308 896 saxis

164 950 279 982 saxa
313 934 463 993 vides,
505 933 758 997 mixtoque
795 934 1068 981 undantem
1105 933 1304 994 pulvere
1338 931 1545 988 fumum,

165 1017 429 1079 Neptunus
466 1033 632 1064 muros
670 1031 953 1078 magnoque
989 1022 1155 1063 emota
1190 1011 1390 1061 tridenti

163 1098 488 1146 fundamenta
523 1097 680 1160 quatit
717 1106 974 1159 totamque
1010 1112 1039 1143 a
1075 1095 1276 1143 sedibus
1313 1093 1487 1141 urbem

164 1178 300 1226 eruit.
374 1178 454 1226 hic
493 1181 622 1226 Iuno
659 1180 837 1226 Scaeas
875 1176 1159 1226 saevissima
1194 1183 1358 1238 portas

163 1259 320 1322 prima
357 1268 491 1307 tenet
529 1259 819 1322 sociumque
855 1260 1021 1307 furens
1057 1274 1087 1305 a
1122 1255 1329 1305 navibus
1364 1271 1544 1318 agmen

161 1341 289 1388 ferro
325 1339 548 1388 accincta
583 1349 739 1388 vocat.

162 1420 260 1468 iam
298 1437 516 1469 summas
553 1437 688 1469 arces
726 1419 963 1478 Tritonia,
1004 1418 1206 1481 respice,
1247 1418 1407 1465 Pallas

162 1501 342 1551 insedit
378 1502 532 1551 limbo
569 1504 806 1565 effulgens
842 1511 891 1551 et
928 1504 1161 1564 Gorgone
1197 1516 1352 1548 saeva.

162 1575 274 1645 ipse⁷
302 1592 439 1646 pater
477 1583 663 1632 Danais
700 1583 894 1632 animos
930 1582 1144 1645 virisque
1180 1581 1424 1630 secundas

162 1664 351 1724 sufficit,
391 1664 496 1727 ipse
532 1667 653 1714 deos
690 1664 742 1712 in
781 1666 1017 1713 Dardana
1052 1662 1254 1711 suscitat
1288 1679 1436 1710 arma.

161 1745 307 1808 eripe,
346 1755 472 1804 nate,
511 1748 678 1809 fugam
714 1748 967 1808 finemque
1002 1744 1205 1806 impone
1240 1742 1408 1792 labori.

161 1843 407 1889 nusquam
442 1828 593 1876 abero
630 1837 678 1876 et
715 1836 877 1875 tutum
914 1825 1072 1889 patrio
1108 1834 1156 1873 te
1192 1823 1362 1872 limine
1398 1823 1579 1872 sistam.

160 1907 346 1956 dixerat
383 1918 431 1956 et
468 1908 634 1972 spissis
671 1908 831 1957 noctis
870 1925 922 1956 se
958 1906 1183 1956 condidit
1219 1904 1419 1953 umbris.

159 1998 396 2050 apparent
433 1989 567 2037 dirae
603 1989 751 2038 facies
790 1987 1088 2051 inimicaque
1124 1986 1304 2035 Troiae

159 2069 363 2118 numina
400 2087 578 2133 magna
613 2073 776 2119 deum.

155 2174 158 2175 ⁷
226 2152 358 2198 Tum
394 2168 509 2199 vero
546 2168 694 2200 omne
731 2152 853 2199 mihi
889 2150 1048 2199 visum
1085 2149 1343 2198 considere
1378 2148 1429 2196 in
1466 2147 1590 2211 ignis

161 2230 308 2280 Ilium
345 2241 393 2280 et
429 2250 489 2281 ex
523 2233 624 2281 imo
661 2233 782 2282 verti
821 2232 1074 2295 Neptunia
1109 2230 1292 2291 Troia3

157 2329 216 2360 ac
251 2314 401 2361 veluti
437 2314 642 2363 summis
679 2315 935 2378 antiquam
972 2313 1023 2361 in
1060 2311 1312 2360 montibus
1349 2328 1526 2359 ornum

158 2410 272 2441 cum
308 2396 433 2443 ferro
469 2395 682 2444 accisam
719 2395 1000 2457 crebrisque
1036 2392 1337 2456 bipennibus
1373 2391 1556 2440 instant

157 2490 325 2523 eruere
360 2475 602 2539 agricolae
638 2477 891 2537 certatim3
940 2476 1022 2524 illa
1058 2492 1215 2538 usque
1252 2473 1465 2521 minatur

151 2565 205 2603 >et
242 2560 524 2606 tremefacta
560 2575 756 2607 comam
793 2575 1037 2607 concusso
1073 2556 1255 2605 vertice
1291 2563 1443 2614 nutat,

157 2638 439 2686 vulneribus
475 2641 637 2688 donec
674 2640 910 2703 paulatim
947 2638 1106 2688 evicta
1142 2653 1427 2701 supremum

158 2719 441 2781 congemuit
477 2720 716 2782 traxitque
753 2720 876 2783 iugis
912 2721 1082 2768 avulsa
1117 2719 1322 2767 ruinam.

1586 1825 1597 1846 ²

1753 608 1831 662 605

1750 1016 1833 1057 610

1749 1424 1829 1478 615

1749 1830 1830 1871 620

1745 2236 1823 2288 625

1740 2641 1822 2695 630

210 2850 403 2886 601-622
425 2847 538 2897 MP;
569 2850 759 2897 623-631
784 2848 918 2888 MPV
1148 2849 1231 2886 616
1255 2847 1381 2885 limbo
1403 2845 1608 2885 deten·ores
1635 2843 1817 2895 quidam,

150 2904 337 2952 agnoscit
363 2902 476 2942 Serv.
509 2903 769 2941 commendat
796 2903 962 2953 Henry:
1003 2902 1148 2940 nimbo
1179 2901 1287 2940 codd.
1318 2901 1430 2941 ceteri
1453 2900 1572 2940 Serv.

158 2969 386 3005 numquam
410 2956 463 2994 M
468 2957 480 2978 ¹
501 2957 618 2997 Serv.
641 2957 699 2995 ad
715 2971 750 2996 v.
773 2958 850 2995 801
1019 2958 1102 3004 630
1130 2956 1240 2995 victa
1266 2954 1306 2994 V

1737 2899 1820 2937 620
