2014 3372
223 125 275 170 P.
316 125 615 172 VERGILI
655 125 979 174 MARONIS

221 279 333 311 vere
370 280 474 323 suo,
513 266 751 327 ludetque
787 264 908 312 favis
945 263 1125 313 emissa
1159 263 1402 325 iuventus,

221 344 382 393 vicina
418 345 590 394 invitet
628 348 870 394 decedere
906 345 1011 409 ripa
1047 346 1210 407 calori,

220 425 468 488 obviaque
504 427 730 490 hospitiis
766 437 933 476 teneat
967 427 1313 477 frondentibus
1349 429 1507 477 arbos.

99 504 101 506 ¹
157 547 159 549 -
219 510 270 558 in
308 511 544 572 medium,
584 530 671 561 seu
709 512 857 561 stabit
892 512 1021 562 iners
1058 530 1145 562 seu
1181 515 1393 576 profluet
1429 530 1585 573 umor,
1842 534 1890 574 25
1937 543 1942 548 ·

220 601 517 642 transversas
554 594 726 643 salices
763 604 811 643 et
846 594 1050 657 grandia
1085 594 1259 643 conice
1291 611 1423 654 saxa,

219 674 459 738 pontibus
496 685 550 727 ut
586 676 768 725 crebris
805 676 998 740 possint
1034 676 1303 725 consistere
1339 685 1388 724 et
1422 678 1524 724 alas

220 760 439 821 pandere
474 762 540 808 ad
576 760 819 809 aestivum
857 763 1028 821 solem,
1068 760 1108 810 si
1144 763 1269 809 forte
1305 760 1541 809 morantis

221 840 450 902 sparserit
486 851 571 890 aut
607 859 844 905 praeceps
883 845 1122 906 Neptuno
1158 841 1450 891 immerserit
1488 844 1662 890 Eurus.

218 922 342 969 haec
379 921 565 971 circum
602 922 763 971 casiae
799 922 978 973 virides
1015 934 1063 972 et
1100 923 1284 972 olentia
1318 925 1415 971 late
1841 942 1925 982 30-

218 1005 427 1066 serpylla
463 1013 511 1052 et
547 1004 755 1068 graviter
791 1005 1018 1068 spirantis
1055 1004 1200 1068 copia
1235 1005 1491 1067 thymbrae
1542 1059 1551 1067 ἦ

220 1086 405 1144 floreat,
445 1084 794 1149 inriguumque
830 1085 1006 1134 bibant
1042 1085 1243 1134 violaria
1278 1087 1481 1157 fontem.

216 1164 323 1228 ipsa
359 1176 539 1226 autem,
581 1184 667 1216 seu
705 1166 970 1216 corticibus
1008 1167 1098 1216 tibi
1135 1176 1244 1215 suta
1280 1166 1462 1214 cavatis

216 1264 303 1295 seu
339 1249 476 1296 lento
512 1247 692 1296 fuerint
728 1248 908 1297 alvaria
943 1248 1127 1296 vimine
1163 1257 1308 1308 texta,

215 1339 451 1392 angustos
488 1330 705 1378 habeant
740 1330 932 1379 aditus:
976 1347 1092 1378 narn
1128 1329 1305 1392 frigore
1341 1331 1488 1378 mella
1740 1354 1742 1356 ·
1838 1348 1900 1389 35.

217 1411 348 1474 cogit
385 1411 559 1472 hiems,
600 1414 877 1475 eademque
915 1414 1047 1461 calor
1082 1411 1347 1474 liquefacta
1382 1409 1652 1461 remittit—-

215 1502 423 1555 utraque
460 1493 531 1541 vis
568 1492 744 1556 apibus
781 1492 960 1556 pariter
997 1493 1266 1541 metuenda
1282 1510 1296 1552 3
1337 1508 1501 1554 neque
1536 1490 1648 1540 illae

217 1573 522 1637 nequiquam
559 1573 610 1622 in
647 1573 788 1622 tectis
827 1573 1048 1622 certatim
1086 1573 1254 1629 tenuia
1289 1590 1401 1621 cera

215 1654 516 1718 spiramenta
551 1654 725 1715 linunt,
765 1657 982 1718 fucoque
1019 1664 1067 1703 et
1104 1653 1306 1703 floribus
1345 1670 1453 1702 oras
1778 1705 1781 1707 ,

215 1739 426 1800 explent,
466 1739 832 1799 collectumque
868 1738 993 1785 haec
1029 1736 1136 1799 ipsa
1171 1738 1236 1785 ad
1274 1752 1479 1804 munera
1514 1737 1683 1798 gluten
1834 1755 1887 1795 40

214 1828 263 1867 et
298 1818 435 1868 visco
470 1829 520 1867 et
556 1806 795 1882 Phrygiae
832 1828 1026 1868 servant
1063 1819 1174 1882 pice
1210 1818 1390 1867 lentius
1428 1819 1562 1873 Idae.

217 1917 365 1963 saepe
401 1899 550 1957 etiam
588 1899 791 1959 effossis,
832 1899 872 1947 si
908 1916 1022 1948 vera
1059 1908 1132 1947 est
1168 1901 1313 1958 fama,
1351 1898 1550 1947 latebris

215 1982 308 2030 sub
345 1990 471 2030 terra
506 1983 670 2029 fovere
706 1983 871 2040 larem,
911 1980 1209 2044 penitusque
1245 1981 1466 2043 repertae

214 2061 598 2126 pumicibusque
634 2061 769 2114 cavis,
803 2078 1078 2124 exesaeque
1113 2060 1300 2110 arboris
1336 2069 1490 2109 antro.

213 2152 268 2190 tu
304 2151 472 2202 tamen
509 2151 557 2191 et
592 2142 688 2190 levi
723 2141 906 2191 rimosa
941 2141 1124 2190 cubilia
1159 2141 1279 2190 limo
1601 2127 1605 2130 .
1831 2161 1883 2202 45

213 2243 379 2289 ungue
415 2228 587 2274 fovens
625 2225 823 2284 circum,
865 2234 913 2273 et
950 2241 1079 2272 raras
1118 2223 1394 2287 superinice
1429 2223 1644 2271 frondes.

213 2325 311 2356 neu
347 2307 549 2370 propius
586 2306 728 2356 tectis
765 2316 933 2355 taxum
971 2305 1091 2366 sine,
1130 2322 1255 2354 neve
1290 2304 1511 2353 rubentis

214 2405 300 2437 ure
336 2390 449 2436 foco
487 2404 705 2447 cancros,
744 2389 872 2436 altae
909 2404 1007 2435 neu
1045 2388 1190 2435 crede
1226 2385 1438 2450 paludi‚'

211 2478 296 2517 aut
333 2467 419 2517 ubi
456 2470 581 2517 odor
617 2466 759 2516 caeni
795 2466 951 2531 gravis
987 2476 1074 2515 aut
1109 2466 1195 2515 ubi
1231 2478 1451 2515 concava
1485 2467 1632 2528 pulsu

213 2566 328 2597 saxa
363 2557 543 2597 sonant
579 2547 815 2611 vocisque
853 2549 1041 2596 offensa
1076 2549 1277 2596 resultat
1313 2547 1499 2609 imago.¹
1831 2567 1884 2606 50

282 2632 434 2692 Quod
471 2639 704 2693 superest,
745 2629 832 2685 ubi
867 2632 1061 2693 pulsam
1098 2629 1316 2678 hiemem
1345 2631 1437 2678 *Sol
1463 2621 1648 2678 ‘aureus
1685 2627 1783 2692 egit

212 2712 305 2760 sub
342 2720 492 2759 terras
531 2712 825 2773 caelumque
860 2710 1045 2758 aestiva
1082 2712 1192 2759 luce
1229 2710 1439 2770 reclusit,

211 2792 324 2840 illae
361 2791 600 2840 continuo
638 2793 789 2839 saltus
826 2791 1070 2854 silvasque
1107 2800 1364 2855 peragrant

268 2923 405 2970 22-36
425 2920 577 2966 MPR;
612 2932 747 2970 37—53
783 2920 876 2958 MP
1119 2935 1171 2960 22
1201 2921 1301 2973 suo]
1335 2935 1431 2960 muo
1459 2921 1501 2960 P
1528 2921 1599 2960 ubi
1624 2934 1736 2960 novo
1763 2922 1883 2961 latere

213 2976 446 3026 suspicatur
458 2975 646 3023 Ribbeck3
678 2974 784 3013 idem
801 2976 958 3013 coniecit
968 2975 1212 3028 Peerlkamp
1350 2988 1402 3026 25
1432 2976 1605 3028 profluit
1617 2975 1702 3028 P7¹
1827 2989 1882 3030 39

213 3044 402 3080 sucoque
420 3028 594 3081 Madvig
702 3041 754 3078 43
785 3029 947 3068 fodiere
968 3029 1022 3067 M
1028 3030 1062 3070 ¹:
1097 3030 1245 3069 fodere
1266 3029 1320 3068 M
1323 3030 1338 3052 2
1355 3045 1363 3072 ς
1395 3036 1530 3070 terras
1550 3030 1698 3070 fodere
1717 3030 1882 3082 Bentoey
