<?xml version="1.0" encoding="UTF-8"?>
<!DOCTYPE html PUBLIC "-//W3C//DTD XHTML 1.0 Transitional//EN"
    "http://www.w3.org/TR/xhtml1/DTD/xhtml1-transitional.dtd">
<html xmlns="http://www.w3.org/1999/xhtml" xml:lang="en" lang="en">
 <head>
  <title>
</title>
<meta http-equiv="Content-Type" content="text/html;charset=utf-8" />
  <meta name='ocr-system' content='tesseract 3.04.00' />
  <meta name='ocr-capabilities' content='ocr_page ocr_carea ocr_par ocr_line ocrx_word'/>
</head>
<body>
  <div class='ocr_page' id='page_1' title='image "./operarecognovitb00virguoft_0443.png"; bbox 0 0 2014 3372; ppageno 0'>
   <div class='ocr_carea' id='block_1_1' title="bbox 1301 159 1803 212">
    <p class='ocr_par' dir='ltr' id='par_1_1' title="bbox 1301 159 1803 212">
     <span class='ocr_line' id='line_1_1' title="bbox 1301 159 1803 212; baseline 0 -6"><span class='ocrx_word' id='word_1_1' title='bbox 1301 159 1447 208; x_wconf 92' lang='lat' dir='ltr'>AEN</span> <span class='ocrx_word' id='word_1_2' title='bbox 1451 159 1662 208; x_wconf 90' lang='lat' dir='ltr'>EIDOS</span> <span class='ocrx_word' id='word_1_3' title='bbox 1698 160 1803 212; x_wconf 92' lang='lat' dir='ltr'>XII</span> 
     </span>
    </p>
   </div>
   <div class='ocr_carea' id='block_1_2' title="bbox 135 298 1804 2698">
    <p class='ocr_par' dir='ltr' id='par_1_2' title="bbox 143 298 1528 446">
     <span class='ocr_line' id='line_1_2' title="bbox 143 298 1444 369; baseline -0.003 -18"><span class='ocrx_word' id='word_1_4' title='bbox 143 300 420 369; x_wconf 90' lang='lat' dir='ltr'>[multaque</span> <span class='ocrx_word' id='word_1_5' title='bbox 455 317 508 350; x_wconf 92' lang='lat' dir='ltr'>se</span> <span class='ocrx_word' id='word_1_6' title='bbox 543 299 748 360; x_wconf 90' lang='lat' dir='ltr'>incusat,</span> <span class='ocrx_word' id='word_1_7' title='bbox 789 298 875 363; x_wconf 91' lang='lat' dir='ltr'>qui</span> <span class='ocrx_word' id='word_1_8' title='bbox 912 316 1015 349; x_wconf 91' lang='lat' dir='ltr'>non</span> <span class='ocrx_word' id='word_1_9' title='bbox 1049 298 1295 362; x_wconf 92' lang='lat' dir='ltr'>acceperit</span> <span class='ocrx_word' id='word_1_10' title='bbox 1329 308 1444 348; x_wconf 90' lang='lat' dir='ltr'>ante</span> 
     </span>
     <span class='ocr_line' id='line_1_3' title="bbox 143 378 1528 446; baseline -0.001 -15"><span class='ocrx_word' id='word_1_11' title='bbox 143 382 454 432; x_wconf 88' lang='lat' dir='ltr'>Dardanium</span> <span class='ocrx_word' id='word_1_12' title='bbox 489 385 698 430; x_wconf 84' lang='lat' dir='ltr'><strong>Aenean</strong></span> <span class='ocrx_word' id='word_1_13' title='bbox 733 397 1072 445; x_wconf 81' lang='lat' dir='ltr'>generumque</span> <span class='ocrx_word' id='word_1_14' title='bbox 1106 380 1330 429; x_wconf 85' lang='lat' dir='ltr'>asciverit</span> <span class='ocrx_word' id='word_1_15' title='bbox 1366 378 1528 446; x_wconf 89' lang='lat' dir='ltr'>ultro].</span> 
     </span>
    </p>

    <p class='ocr_par' dir='ltr' id='par_1_3' title="bbox 135 462 1804 2698">
     <span class='ocr_line' id='line_1_4' title="bbox 211 462 1474 525; baseline -0.002 -13"><span class='ocrx_word' id='word_1_16' title='bbox 211 467 407 512; x_wconf 86' lang='lat' dir='ltr'>Interea</span> <span class='ocrx_word' id='word_1_17' title='bbox 442 473 661 512; x_wconf 87' lang='lat' dir='ltr'>extremo</span> <span class='ocrx_word' id='word_1_18' title='bbox 697 463 905 511; x_wconf 88' lang='lat' dir='ltr'>bellator</span> <span class='ocrx_word' id='word_1_19' title='bbox 939 462 991 510; x_wconf 92' lang='lat' dir='ltr'>in</span> <span class='ocrx_word' id='word_1_20' title='bbox 1026 479 1240 525; x_wconf 91' lang='lat' dir='ltr'>aequore</span> <span class='ocrx_word' id='word_1_21' title='bbox 1276 464 1474 510; x_wconf 92' lang='lat' dir='ltr'>Turnus</span> 
     </span>
     <span class='ocr_line' id='line_1_5' title="bbox 140 543 1802 608; baseline -0.002 -14"><span class='ocrx_word' id='word_1_22' title='bbox 140 545 350 608; x_wconf 86' lang='lat' dir='ltr'>palantis</span> <span class='ocrx_word' id='word_1_23' title='bbox 386 544 605 608; x_wconf 88' lang='lat' dir='ltr'>sequitur</span> <span class='ocrx_word' id='word_1_24' title='bbox 640 560 826 606; x_wconf 92' lang='lat' dir='ltr'>paucos</span> <span class='ocrx_word' id='word_1_25' title='bbox 861 543 960 591; x_wconf 91' lang='lat' dir='ltr'>iam</span> <span class='ocrx_word' id='word_1_26' title='bbox 997 543 1191 607; x_wconf 86' lang='lat' dir='ltr'>segnior</span> <span class='ocrx_word' id='word_1_27' title='bbox 1225 552 1375 607; x_wconf 87' lang='lat' dir='ltr'>atque</span> <span class='ocrx_word' id='word_1_28' title='bbox 1725 551 1802 603; x_wconf 81' lang='lat'>615</span> 
     </span>
     <span class='ocr_line' id='line_1_6' title="bbox 140 624 1574 688; baseline -0.001 -14"><span class='ocrx_word' id='word_1_29' title='bbox 140 626 238 675; x_wconf 90' lang='lat' dir='ltr'>iam</span> <span class='ocrx_word' id='word_1_30' title='bbox 275 625 438 674; x_wconf 88' lang='lat' dir='ltr'>minus</span> <span class='ocrx_word' id='word_1_31' title='bbox 473 634 622 688; x_wconf 90' lang='lat' dir='ltr'>atque</span> <span class='ocrx_word' id='word_1_32' title='bbox 659 624 822 673; x_wconf 91' lang='lat' dir='ltr'>minus</span> <span class='ocrx_word' id='word_1_33' title='bbox 859 641 1091 672; x_wconf 91' lang='lat' dir='ltr'>successu</span> <span class='ocrx_word' id='word_1_34' title='bbox 1128 626 1284 672; x_wconf 91' lang='lat' dir='ltr'>laetus</span> <span class='ocrx_word' id='word_1_35' title='bbox 1321 640 1574 687; x_wconf 92' lang='lat' dir='ltr'>equorum.</span> 
     </span>
     <span class='ocr_line' id='line_1_7' title="bbox 138 705 1222 756; baseline -0.002 0"><span class='ocrx_word' id='word_1_36' title='bbox 138 707 300 756; x_wconf 90' lang='lat' dir='ltr'>attulit</span> <span class='ocrx_word' id='word_1_37' title='bbox 336 709 469 755; x_wconf 90' lang='lat' dir='ltr'>hunc</span> <span class='ocrx_word' id='word_1_38' title='bbox 505 705 574 754; x_wconf 94' lang='lat' dir='ltr'>illi</span> <span class='ocrx_word' id='word_1_39' title='bbox 610 705 770 754; x_wconf 91' lang='lat' dir='ltr'>caecis</span> <span class='ocrx_word' id='word_1_40' title='bbox 805 705 1068 754; x_wconf 90' lang='lat' dir='ltr'>terroribus</span> <span class='ocrx_word' id='word_1_41' title='bbox 1104 722 1222 754; x_wconf 85' lang='lat' dir='ltr'>aura</span> 
     </span>
     <span class='ocr_line' id='line_1_8' title="bbox 140 786 1533 851; baseline -0.001 -14"><span class='ocrx_word' id='word_1_42' title='bbox 140 789 465 837; x_wconf 89' lang='lat' dir='ltr'>commixtum</span> <span class='ocrx_word' id='word_1_43' title='bbox 502 789 782 847; x_wconf 90' lang='lat' dir='ltr'>clamorem,</span> <span class='ocrx_word' id='word_1_44' title='bbox 822 796 1132 850; x_wconf 89' lang='lat' dir='ltr'>arrectasque</span> <span class='ocrx_word' id='word_1_45' title='bbox 1169 786 1364 851; x_wconf 89' lang='lat' dir='ltr'>impulit</span> <span class='ocrx_word' id='word_1_46' title='bbox 1404 786 1533 835; x_wconf 91' lang='lat' dir='ltr'>auris</span> 
     </span>
     <span class='ocr_line' id='line_1_9' title="bbox 141 867 1407 918; baseline -0.001 -1"><span class='ocrx_word' id='word_1_47' title='bbox 141 871 377 918; x_wconf 89' lang='lat' dir='ltr'>confusae</span> <span class='ocrx_word' id='word_1_48' title='bbox 413 885 564 917; x_wconf 92' lang='lat' dir='ltr'>sonus</span> <span class='ocrx_word' id='word_1_49' title='bbox 601 867 734 916; x_wconf 91' lang='lat' dir='ltr'>urbis</span> <span class='ocrx_word' id='word_1_50' title='bbox 771 876 820 916; x_wconf 94' lang='lat' dir='ltr'>et</span> <span class='ocrx_word' id='word_1_51' title='bbox 857 867 1139 916; x_wconf 89' lang='lat' dir='ltr'>inlaetabile</span> <span class='ocrx_word' id='word_1_52' title='bbox 1176 885 1407 916; x_wconf 91' lang='lat' dir='ltr'>murmur.</span> 
     </span>
     <span class='ocr_line' id='line_1_10' title="bbox 142 948 1804 1013; baseline -0.001 -15"><span class='ocrx_word' id='word_1_53' title='bbox 142 954 153 976; x_wconf 93' lang='lat'>‘</span> <span class='ocrx_word' id='word_1_54' title='bbox 174 950 254 999; x_wconf 93' lang='lat' dir='ltr'>hei</span> <span class='ocrx_word' id='word_1_55' title='bbox 291 950 445 998; x_wconf 83' lang='lat' dir='ltr'>mihi!</span> <span class='ocrx_word' id='word_1_56' title='bbox 490 949 611 1013; x_wconf 92' lang='lat' dir='ltr'>quid</span> <span class='ocrx_word' id='word_1_57' title='bbox 647 958 786 997; x_wconf 90' lang='lat' dir='ltr'>tanto</span> <span class='ocrx_word' id='word_1_58' title='bbox 822 949 1083 997; x_wconf 89' lang='lat' dir='ltr'>turbantur</span> <span class='ocrx_word' id='word_1_59' title='bbox 1118 948 1316 998; x_wconf 91' lang='lat' dir='ltr'>moenia</span> <span class='ocrx_word' id='word_1_60' title='bbox 1352 950 1525 997; x_wconf 90' lang='lat' dir='ltr'>luctu?</span> <span class='ocrx_word' id='word_1_61' title='bbox 1724 957 1804 998; x_wconf 86' lang='lat'>620</span> 
     </span>
     <span class='ocr_line' id='line_1_11' title="bbox 139 1030 1410 1094; baseline -0.002 -14"><span class='ocrx_word' id='word_1_62' title='bbox 139 1031 310 1094; x_wconf 90' lang='lat' dir='ltr'>quisve</span> <span class='ocrx_word' id='word_1_63' title='bbox 346 1031 441 1080; x_wconf 91' lang='lat' dir='ltr'>ruit</span> <span class='ocrx_word' id='word_1_64' title='bbox 477 1040 642 1079; x_wconf 91' lang='lat' dir='ltr'>tantus</span> <span class='ocrx_word' id='word_1_65' title='bbox 678 1030 870 1079; x_wconf 92' lang='lat' dir='ltr'>diversa</span> <span class='ocrx_word' id='word_1_66' title='bbox 907 1032 1091 1079; x_wconf 92' lang='lat' dir='ltr'>clamor</span> <span class='ocrx_word' id='word_1_67' title='bbox 1125 1031 1190 1079; x_wconf 93' lang='lat' dir='ltr'>ab</span> <span class='ocrx_word' id='word_1_68' title='bbox 1225 1031 1410 1079; x_wconf 86' lang='lat' dir='ltr'>urbe?&#39;</span> 
     </span>
     <span class='ocr_line' id='line_1_12' title="bbox 138 1110 1413 1174; baseline -0.001 -14"><span class='ocrx_word' id='word_1_69' title='bbox 138 1111 208 1160; x_wconf 89' lang='lat' dir='ltr'>sic</span> <span class='ocrx_word' id='word_1_70' title='bbox 243 1111 323 1172; x_wconf 82' lang='lat' dir='ltr'>ait,</span> <span class='ocrx_word' id='word_1_71' title='bbox 362 1111 691 1174; x_wconf 90' lang='lat' dir='ltr'>adductisque</span> <span class='ocrx_word' id='word_1_72' title='bbox 726 1127 899 1159; x_wconf 90' lang='lat' dir='ltr'>amens</span> <span class='ocrx_word' id='word_1_73' title='bbox 936 1110 1158 1159; x_wconf 88' lang='lat' dir='ltr'>subsistit</span> <span class='ocrx_word' id='word_1_74' title='bbox 1193 1110 1413 1159; x_wconf 89' lang='lat' dir='ltr'>habenis.</span> 
     </span>
     <span class='ocr_line' id='line_1_13' title="bbox 137 1191 1528 1256; baseline -0.001 -14"><span class='ocrx_word' id='word_1_75' title='bbox 137 1203 287 1256; x_wconf 89' lang='lat' dir='ltr'>atque</span> <span class='ocrx_word' id='word_1_76' title='bbox 323 1193 452 1253; x_wconf 92' lang='lat' dir='ltr'>huic,</span> <span class='ocrx_word' id='word_1_77' title='bbox 490 1193 542 1241; x_wconf 92' lang='lat' dir='ltr'>in</span> <span class='ocrx_word' id='word_1_78' title='bbox 578 1192 755 1241; x_wconf 91' lang='lat' dir='ltr'>faciem</span> <span class='ocrx_word' id='word_1_79' title='bbox 792 1209 929 1242; x_wconf 90' lang='lat' dir='ltr'>soror</span> <span class='ocrx_word' id='word_1_80' title='bbox 964 1202 1019 1241; x_wconf 94' lang='lat' dir='ltr'>ut</span> <span class='ocrx_word' id='word_1_81' title='bbox 1054 1210 1291 1242; x_wconf 90' lang='lat' dir='ltr'>conversa</span> <span class='ocrx_word' id='word_1_82' title='bbox 1330 1191 1528 1241; x_wconf 89' lang='lat' dir='ltr'>Metisci</span> 
     </span>
     <span class='ocr_line' id='line_1_14' title="bbox 137 1273 1416 1337; baseline -0.001 -15"><span class='ocrx_word' id='word_1_83' title='bbox 137 1274 333 1337; x_wconf 90' lang='lat' dir='ltr'>aurigae</span> <span class='ocrx_word' id='word_1_84' title='bbox 370 1290 666 1336; x_wconf 90' lang='lat' dir='ltr'>currumque</span> <span class='ocrx_word' id='word_1_85' title='bbox 703 1282 751 1322; x_wconf 94' lang='lat' dir='ltr'>et</span> <span class='ocrx_word' id='word_1_86' title='bbox 787 1290 943 1337; x_wconf 89' lang='lat' dir='ltr'>equos</span> <span class='ocrx_word' id='word_1_87' title='bbox 980 1282 1029 1322; x_wconf 89' lang='lat' dir='ltr'>et</span> <span class='ocrx_word' id='word_1_88' title='bbox 1064 1275 1168 1322; x_wconf 92' lang='lat' dir='ltr'>lora</span> <span class='ocrx_word' id='word_1_89' title='bbox 1203 1273 1416 1336; x_wconf 85' lang='lat' dir='ltr'>regebat,</span> 
     </span>
     <span class='ocr_line' id='line_1_15' title="bbox 139 1354 1800 1416; baseline -0.001 -13"><span class='ocrx_word' id='word_1_90' title='bbox 139 1355 317 1403; x_wconf 90' lang='lat' dir='ltr'>talibus</span> <span class='ocrx_word' id='word_1_91' title='bbox 355 1354 565 1403; x_wconf 91' lang='lat' dir='ltr'>occurrit</span> <span class='ocrx_word' id='word_1_92' title='bbox 601 1354 777 1403; x_wconf 91' lang='lat' dir='ltr'>dictis:</span> <span class='ocrx_word' id='word_1_93' title='bbox 820 1356 953 1414; x_wconf 88' lang='lat' dir='ltr'>‘hac‚</span> <span class='ocrx_word' id='word_1_94' title='bbox 992 1356 1174 1413; x_wconf 89' lang='lat' dir='ltr'>Turne,</span> <span class='ocrx_word' id='word_1_95' title='bbox 1214 1371 1478 1416; x_wconf 89' lang='lat' dir='ltr'>sequamur</span> <span class='ocrx_word' id='word_1_96' title='bbox 1723 1362 1800 1414; x_wconf 87' lang='lat'>625</span> 
     </span>
     <span class='ocr_line' id='line_1_16' title="bbox 138 1434 1432 1499; baseline -0.001 -15"><span class='ocrx_word' id='word_1_97' title='bbox 138 1435 456 1499; x_wconf 89' lang='lat' dir='ltr'>Troiugenas,</span> <span class='ocrx_word' id='word_1_98' title='bbox 497 1452 595 1498; x_wconf 92' lang='lat' dir='ltr'>qua</span> <span class='ocrx_word' id='word_1_99' title='bbox 631 1434 788 1498; x_wconf 89' lang='lat' dir='ltr'>prima</span> <span class='ocrx_word' id='word_1_100' title='bbox 822 1435 953 1483; x_wconf 90' lang='lat' dir='ltr'>viam</span> <span class='ocrx_word' id='word_1_101' title='bbox 988 1434 1191 1483; x_wconf 91' lang='lat' dir='ltr'>victoria</span> <span class='ocrx_word' id='word_1_102' title='bbox 1225 1435 1432 1497; x_wconf 81' lang='lat' dir='ltr'>pandit3</span> 
     </span>
     <span class='ocr_line' id='line_1_17' title="bbox 138 1515 1385 1580; baseline -0.001 -15"><span class='ocrx_word' id='word_1_103' title='bbox 138 1526 252 1565; x_wconf 93' lang='lat' dir='ltr'>sunt</span> <span class='ocrx_word' id='word_1_104' title='bbox 286 1517 368 1565; x_wconf 91' lang='lat' dir='ltr'>alii</span> <span class='ocrx_word' id='word_1_105' title='bbox 404 1517 489 1580; x_wconf 94' lang='lat' dir='ltr'>qui</span> <span class='ocrx_word' id='word_1_106' title='bbox 525 1526 655 1565; x_wconf 89' lang='lat' dir='ltr'>tecta</span> <span class='ocrx_word' id='word_1_107' title='bbox 692 1533 843 1564; x_wconf 91' lang='lat' dir='ltr'>manu</span> <span class='ocrx_word' id='word_1_108' title='bbox 879 1517 1147 1565; x_wconf 90' lang='lat' dir='ltr'>defendere</span> <span class='ocrx_word' id='word_1_109' title='bbox 1183 1515 1385 1579; x_wconf 90' lang='lat' dir='ltr'>possint.</span> 
     </span>
     <span class='ocr_line' id='line_1_18' title="bbox 137 1596 1279 1661; baseline 0 -16"><span class='ocrx_word' id='word_1_110' title='bbox 137 1598 316 1661; x_wconf 89' lang='lat' dir='ltr'>ingruit</span> <span class='ocrx_word' id='word_1_111' title='bbox 351 1601 547 1647; x_wconf 90' lang='lat' dir='ltr'>Aeneas</span> <span class='ocrx_word' id='word_1_112' title='bbox 588 1597 723 1646; x_wconf 90' lang='lat' dir='ltr'>Italis</span> <span class='ocrx_word' id='word_1_113' title='bbox 761 1607 809 1646; x_wconf 89' lang='lat' dir='ltr'>et</span> <span class='ocrx_word' id='word_1_114' title='bbox 846 1597 1031 1660; x_wconf 90' lang='lat' dir='ltr'>proelia</span> <span class='ocrx_word' id='word_1_115' title='bbox 1074 1596 1279 1646; x_wconf 90' lang='lat' dir='ltr'>miscet:</span> 
     </span>
     <span class='ocr_line' id='line_1_19' title="bbox 138 1677 1427 1728; baseline -0.001 -1"><span class='ocrx_word' id='word_1_116' title='bbox 138 1688 186 1727; x_wconf 91' lang='lat' dir='ltr'>et</span> <span class='ocrx_word' id='word_1_117' title='bbox 221 1696 312 1727; x_wconf 92' lang='lat' dir='ltr'>nos</span> <span class='ocrx_word' id='word_1_118' title='bbox 349 1695 492 1728; x_wconf 90' lang='lat' dir='ltr'>saeva</span> <span class='ocrx_word' id='word_1_119' title='bbox 528 1695 678 1727; x_wconf 90' lang='lat' dir='ltr'>manu</span> <span class='ocrx_word' id='word_1_120' title='bbox 715 1678 967 1727; x_wconf 90' lang='lat' dir='ltr'>mittamus</span> <span class='ocrx_word' id='word_1_121' title='bbox 1003 1679 1175 1727; x_wconf 91' lang='lat' dir='ltr'>funera</span> <span class='ocrx_word' id='word_1_122' title='bbox 1210 1677 1427 1726; x_wconf 90' lang='lat' dir='ltr'>Teucris.</span> 
     </span>
     <span class='ocr_line' id='line_1_20' title="bbox 137 1759 1802 1823; baseline 0 -16"><span class='ocrx_word' id='word_1_123' title='bbox 137 1776 230 1808; x_wconf 92' lang='lat' dir='ltr'>nec</span> <span class='ocrx_word' id='word_1_124' title='bbox 266 1776 473 1808; x_wconf 91' lang='lat' dir='ltr'>numero</span> <span class='ocrx_word' id='word_1_125' title='bbox 509 1759 707 1809; x_wconf 89' lang='lat' dir='ltr'>inferior</span> <span class='ocrx_word' id='word_1_126' title='bbox 742 1776 936 1823; x_wconf 88' lang='lat' dir='ltr'>pugnae</span> <span class='ocrx_word' id='word_1_127' title='bbox 973 1775 1066 1808; x_wconf 90' lang='lat' dir='ltr'>nec</span> <span class='ocrx_word' id='word_1_128' title='bbox 1102 1760 1291 1808; x_wconf 89' lang='lat' dir='ltr'>honore</span> <span class='ocrx_word' id='word_1_129' title='bbox 1326 1760 1557 1807; x_wconf 89' lang='lat' dir='ltr'>recedes.&#39;</span> <span class='ocrx_word' id='word_1_130' title='bbox 1720 1767 1802 1819; x_wconf 83' lang='lat'>630</span> 
     </span>
     <span class='ocr_line' id='line_1_21' title="bbox 137 1843 624 1890; baseline 0 -1"><span class='ocrx_word' id='word_1_131' title='bbox 137 1844 334 1889; x_wconf 92' lang='lat' dir='ltr'>Turnus</span> <span class='ocrx_word' id='word_1_132' title='bbox 369 1843 434 1890; x_wconf 91' lang='lat' dir='ltr'>ad</span> <span class='ocrx_word' id='word_1_133' title='bbox 470 1843 624 1889; x_wconf 87' lang='lat' dir='ltr'>haec:</span> 
     </span>
     <span class='ocr_line' id='line_1_22' title="bbox 141 1921 1596 1985; baseline -0.001 -15"><span class='ocrx_word' id='word_1_134' title='bbox 141 1926 202 1970; x_wconf 92' lang='lat' dir='ltr'>‘o</span> <span class='ocrx_word' id='word_1_135' title='bbox 238 1939 386 1981; x_wconf 90' lang='lat' dir='ltr'>soror,</span> <span class='ocrx_word' id='word_1_136' title='bbox 426 1932 475 1972; x_wconf 91' lang='lat' dir='ltr'>et</span> <span class='ocrx_word' id='word_1_137' title='bbox 511 1923 703 1971; x_wconf 92' lang='lat' dir='ltr'>dudum</span> <span class='ocrx_word' id='word_1_138' title='bbox 742 1922 932 1985; x_wconf 83' lang='lat' dir='ltr'>agnovi,</span> <span class='ocrx_word' id='word_1_139' title='bbox 972 1938 1086 1971; x_wconf 94' lang='lat' dir='ltr'>cum</span> <span class='ocrx_word' id='word_1_140' title='bbox 1123 1921 1280 1984; x_wconf 91' lang='lat' dir='ltr'>prima</span> <span class='ocrx_word' id='word_1_141' title='bbox 1321 1939 1408 1984; x_wconf 88' lang='lat' dir='ltr'>per</span> <span class='ocrx_word' id='word_1_142' title='bbox 1442 1931 1596 1970; x_wconf 89' lang='lat' dir='ltr'>artem</span> 
     </span>
     <span class='ocr_line' id='line_1_23' title="bbox 137 2002 1405 2065; baseline 0 -15"><span class='ocrx_word' id='word_1_143' title='bbox 137 2004 336 2052; x_wconf 89' lang='lat' dir='ltr'>foedera</span> <span class='ocrx_word' id='word_1_144' title='bbox 372 2003 578 2051; x_wconf 88' lang='lat' dir='ltr'>turbasti</span> <span class='ocrx_word' id='word_1_145' title='bbox 614 2012 763 2065; x_wconf 90' lang='lat' dir='ltr'>teque</span> <span class='ocrx_word' id='word_1_146' title='bbox 799 2005 923 2051; x_wconf 89' lang='lat' dir='ltr'>haec</span> <span class='ocrx_word' id='word_1_147' title='bbox 958 2002 1010 2050; x_wconf 93' lang='lat' dir='ltr'>in</span> <span class='ocrx_word' id='word_1_148' title='bbox 1045 2003 1175 2051; x_wconf 88' lang='lat' dir='ltr'>bella</span> <span class='ocrx_word' id='word_1_149' title='bbox 1211 2002 1405 2062; x_wconf 91' lang='lat' dir='ltr'>dedisti,</span> 
     </span>
     <span class='ocr_line' id='line_1_24' title="bbox 138 2083 1562 2146; baseline 0.001 -15"><span class='ocrx_word' id='word_1_150' title='bbox 138 2092 185 2131; x_wconf 90' lang='lat' dir='ltr'>et</span> <span class='ocrx_word' id='word_1_151' title='bbox 221 2100 353 2132; x_wconf 89' lang='lat' dir='ltr'>nunc</span> <span class='ocrx_word' id='word_1_152' title='bbox 391 2083 693 2146; x_wconf 92' lang='lat' dir='ltr'>nequiquam</span> <span class='ocrx_word' id='word_1_153' title='bbox 731 2083 855 2131; x_wconf 91' lang='lat' dir='ltr'>fallis</span> <span class='ocrx_word' id='word_1_154' title='bbox 893 2085 999 2132; x_wconf 91' lang='lat' dir='ltr'>dea.</span> <span class='ocrx_word' id='word_1_155' title='bbox 1074 2085 1162 2131; x_wconf 90' lang='lat' dir='ltr'>sed</span> <span class='ocrx_word' id='word_1_156' title='bbox 1198 2083 1307 2145; x_wconf 91' lang='lat' dir='ltr'>quis</span> <span class='ocrx_word' id='word_1_157' title='bbox 1345 2084 1562 2146; x_wconf 91' lang='lat' dir='ltr'>Olympo</span> 
     </span>
     <span class='ocr_line' id='line_1_25' title="bbox 137 2164 1798 2226; baseline 0.001 -13"><span class='ocrx_word' id='word_1_158' title='bbox 137 2164 402 2213; x_wconf 90' lang='lat' dir='ltr'>demissam</span> <span class='ocrx_word' id='word_1_159' title='bbox 440 2174 603 2214; x_wconf 90' lang='lat' dir='ltr'>tantos</span> <span class='ocrx_word' id='word_1_160' title='bbox 640 2164 795 2213; x_wconf 92' lang='lat' dir='ltr'>voluit</span> <span class='ocrx_word' id='word_1_161' title='bbox 831 2174 880 2212; x_wconf 93' lang='lat' dir='ltr'>te</span> <span class='ocrx_word' id='word_1_162' title='bbox 915 2166 1038 2212; x_wconf 89' lang='lat' dir='ltr'>ferre</span> <span class='ocrx_word' id='word_1_163' title='bbox 1074 2164 1306 2212; x_wconf 88' lang='lat' dir='ltr'>labores?</span> <span class='ocrx_word' id='word_1_164' title='bbox 1719 2175 1798 2226; x_wconf 86' lang='lat'>635</span> 
     </span>
     <span class='ocr_line' id='line_1_26' title="bbox 135 2244 1368 2294; baseline 0.001 -2"><span class='ocrx_word' id='word_1_165' title='bbox 135 2261 198 2292; x_wconf 92' lang='lat' dir='ltr'>an</span> <span class='ocrx_word' id='word_1_166' title='bbox 235 2245 390 2293; x_wconf 89' lang='lat' dir='ltr'>fratris</span> <span class='ocrx_word' id='word_1_167' title='bbox 427 2245 590 2294; x_wconf 91' lang='lat' dir='ltr'>miseri</span> <span class='ocrx_word' id='word_1_168' title='bbox 627 2247 780 2293; x_wconf 89' lang='lat' dir='ltr'>letum</span> <span class='ocrx_word' id='word_1_169' title='bbox 817 2254 871 2293; x_wconf 94' lang='lat' dir='ltr'>ut</span> <span class='ocrx_word' id='word_1_170' title='bbox 907 2246 1106 2293; x_wconf 89' lang='lat' dir='ltr'>crudele</span> <span class='ocrx_word' id='word_1_171' title='bbox 1140 2244 1368 2293; x_wconf 89' lang='lat' dir='ltr'>videres?</span> 
     </span>
     <span class='ocr_line' id='line_1_27' title="bbox 135 2325 1767 2389; baseline 0.001 -16"><span class='ocrx_word' id='word_1_172' title='bbox 135 2342 250 2374; x_wconf 89' lang='lat' dir='ltr'>nam</span> <span class='ocrx_word' id='word_1_173' title='bbox 288 2326 408 2389; x_wconf 92' lang='lat' dir='ltr'>quid</span> <span class='ocrx_word' id='word_1_174' title='bbox 443 2329 576 2389; x_wconf 85' lang='lat' dir='ltr'>ago?</span> <span class='ocrx_word' id='word_1_175' title='bbox 622 2336 706 2375; x_wconf 92' lang='lat' dir='ltr'>aut</span> <span class='ocrx_word' id='word_1_176' title='bbox 742 2343 869 2389; x_wconf 92' lang='lat' dir='ltr'>quae</span> <span class='ocrx_word' id='word_1_177' title='bbox 905 2325 1003 2374; x_wconf 91' lang='lat' dir='ltr'>iam</span> <span class='ocrx_word' id='word_1_178' title='bbox 1040 2327 1253 2388; x_wconf 92' lang='lat' dir='ltr'>spondet</span> <span class='ocrx_word' id='word_1_179' title='bbox 1288 2327 1483 2374; x_wconf 91' lang='lat' dir='ltr'>fortuna</span> <span class='ocrx_word' id='word_1_180' title='bbox 1519 2327 1767 2375; x_wconf 90' lang='lat' dir='ltr'>salutem?</span> 
     </span>
     <span class='ocr_line' id='line_1_28' title="bbox 135 2407 1484 2470; baseline 0.001 -16"><span class='ocrx_word' id='word_1_181' title='bbox 135 2407 235 2456; x_wconf 94' lang='lat' dir='ltr'>vidi</span> <span class='ocrx_word' id='word_1_182' title='bbox 272 2410 442 2456; x_wconf 92' lang='lat' dir='ltr'>oculos</span> <span class='ocrx_word' id='word_1_183' title='bbox 478 2417 593 2456; x_wconf 90' lang='lat' dir='ltr'>ante</span> <span class='ocrx_word' id='word_1_184' title='bbox 630 2408 735 2470; x_wconf 90' lang='lat' dir='ltr'>ipse</span> <span class='ocrx_word' id='word_1_185' title='bbox 773 2424 910 2456; x_wconf 89' lang='lat' dir='ltr'>meos</span> <span class='ocrx_word' id='word_1_186' title='bbox 948 2424 1029 2455; x_wconf 92' lang='lat' dir='ltr'>me</span> <span class='ocrx_word' id='word_1_187' title='bbox 1065 2424 1188 2455; x_wconf 91' lang='lat' dir='ltr'>voce</span> <span class='ocrx_word' id='word_1_188' title='bbox 1223 2416 1484 2455; x_wconf 89' lang='lat' dir='ltr'>vocantem</span> 
     </span>
     <span class='ocr_line' id='line_1_29' title="bbox 138 2487 1475 2550; baseline -0.001 -14"><span class='ocrx_word' id='word_1_189' title='bbox 138 2490 442 2547; x_wconf 88' lang='lat' dir='ltr'>Murranum,</span> <span class='ocrx_word' id='word_1_190' title='bbox 483 2505 582 2550; x_wconf 93' lang='lat' dir='ltr'>quo</span> <span class='ocrx_word' id='word_1_191' title='bbox 619 2505 721 2536; x_wconf 89' lang='lat' dir='ltr'>non</span> <span class='ocrx_word' id='word_1_192' title='bbox 760 2497 956 2550; x_wconf 89' lang='lat' dir='ltr'>superat</span> <span class='ocrx_word' id='word_1_193' title='bbox 993 2487 1115 2535; x_wconf 89' lang='lat' dir='ltr'>mihi</span> <span class='ocrx_word' id='word_1_194' title='bbox 1152 2487 1307 2536; x_wconf 92' lang='lat' dir='ltr'>carior</span> <span class='ocrx_word' id='word_1_195' title='bbox 1342 2490 1475 2546; x_wconf 89' lang='lat' dir='ltr'>alter,</span> 
     </span>
     <span class='ocr_line' id='line_1_30' title="bbox 136 2567 1798 2630; baseline 0 -14"><span class='ocrx_word' id='word_1_196' title='bbox 136 2578 369 2630; x_wconf 88' lang='lat' dir='ltr'>oppetere</span> <span class='ocrx_word' id='word_1_197' title='bbox 406 2568 656 2630; x_wconf 88' lang='lat' dir='ltr'>ingentem</span> <span class='ocrx_word' id='word_1_198' title='bbox 694 2577 842 2630; x_wconf 89' lang='lat' dir='ltr'>atque</span> <span class='ocrx_word' id='word_1_199' title='bbox 879 2567 1066 2630; x_wconf 90' lang='lat' dir='ltr'>ingenti</span> <span class='ocrx_word' id='word_1_200' title='bbox 1102 2570 1302 2616; x_wconf 88' lang='lat' dir='ltr'>vulnere</span> <span class='ocrx_word' id='word_1_201' title='bbox 1337 2568 1534 2616; x_wconf 91' lang='lat' dir='ltr'>victum.</span> <span class='ocrx_word' id='word_1_202' title='bbox 1715 2577 1798 2629; x_wconf 80' lang='lat'>640</span> 
     </span>
     <span class='ocr_line' id='line_1_31' title="bbox 135 2648 1325 2698; baseline 0.001 -2"><span class='ocrx_word' id='word_1_203' title='bbox 135 2648 318 2697; x_wconf 90' lang='lat' dir='ltr'>occidit</span> <span class='ocrx_word' id='word_1_204' title='bbox 354 2649 520 2697; x_wconf 87' lang='lat' dir='ltr'>infelix</span> <span class='ocrx_word' id='word_1_205' title='bbox 556 2658 779 2696; x_wconf 87' lang='lat' dir='ltr'>nostrum</span> <span class='ocrx_word' id='word_1_206' title='bbox 816 2665 878 2696; x_wconf 91' lang='lat' dir='ltr'>ne</span> <span class='ocrx_word' id='word_1_207' title='bbox 915 2650 1133 2698; x_wconf 89' lang='lat' dir='ltr'>dedecus</span> <span class='ocrx_word' id='word_1_208' title='bbox 1170 2651 1325 2697; x_wconf 92' lang='lat' dir='ltr'>erns</span> 
     </span>
    </p>
   </div>
   <div class='ocr_carea' id='block_1_3' title="bbox 133 2777 1797 2992">
    <p class='ocr_par' dir='ltr' id='par_1_4' title="bbox 133 2777 1797 2992">
     <span class='ocr_line' id='line_1_32' title="bbox 188 2777 1797 2830; baseline 0.001 -15"><span class='ocrx_word' id='word_1_209' title='bbox 188 2779 375 2827; x_wconf 85' lang='lat'><strong>612-641</strong></span> <span class='ocrx_word' id='word_1_210' title='bbox 410 2777 540 2816; x_wconf 84' lang='lat' dir='ltr'>MPR</span> <span class='ocrx_word' id='word_1_211' title='bbox 722 2791 784 2816; x_wconf 88' lang='lat' dir='ltr'>vv.</span> <span class='ocrx_word' id='word_1_212' title='bbox 807 2780 899 2828; x_wconf 86' lang='lat'><strong>612,</strong></span> <span class='ocrx_word' id='word_1_213' title='bbox 919 2780 1013 2827; x_wconf 84' lang='lat'>613,</span> <span class='ocrx_word' id='word_1_214' title='bbox 1044 2792 1093 2816; x_wconf 85' lang='lat' dir='ltr'>ex</span> <span class='ocrx_word' id='word_1_215' title='bbox 1109 2778 1166 2818; x_wconf 84' lang='lat' dir='ltr'>xi.</span> <span class='ocrx_word' id='word_1_216' title='bbox 1192 2792 1269 2827; x_wconf 93' lang='lat'>471</span> <span class='ocrx_word' id='word_1_217' title='bbox 1294 2780 1484 2829; x_wconf 79' lang='lat' dir='ltr'>repetitos,</span> <span class='ocrx_word' id='word_1_218' title='bbox 1508 2792 1588 2818; x_wconf 87' lang='lat' dir='ltr'>om.</span> <span class='ocrx_word' id='word_1_219' title='bbox 1614 2778 1797 2830; x_wconf 67' lang='lat' dir='ltr'><em>MPR7b</em></span> 
     </span>
     <span class='ocr_line' id='line_1_33' title="bbox 133 2831 1795 2885; baseline 0.001 -16"><span class='ocrx_word' id='word_1_220' title='bbox 133 2833 212 2880; x_wconf 90' lang='lat'>617</span> <span class='ocrx_word' id='word_1_221' title='bbox 244 2832 324 2870; x_wconf 90' lang='lat' dir='ltr'>huc</span> <span class='ocrx_word' id='word_1_222' title='bbox 344 2831 695 2883; x_wconf 74' lang='lat' dir='ltr'>Hamburgensis²</span> <span class='ocrx_word' id='word_1_223' title='bbox 715 2831 892 2884; x_wconf 82' lang='lat' dir='ltr'>Madvig</span> <span class='ocrx_word' id='word_1_224' title='bbox 901 2832 1071 2871; x_wconf 82' lang='lat' dir='ltr'>Ribbeck</span> <span class='ocrx_word' id='word_1_225' title='bbox 1199 2835 1279 2881; x_wconf 85' lang='lat'>624</span> <span class='ocrx_word' id='word_1_226' title='bbox 1295 2882 1298 2885; x_wconf 30' lang='grc' dir='ltr'>Ι</span> <span class='ocrx_word' id='word_1_227' title='bbox 1308 2834 1485 2883; x_wconf 86' lang='lat' dir='ltr'>gerebat</span> <span class='ocrx_word' id='word_1_228' title='bbox 1504 2833 1585 2883; x_wconf 71' lang='lat'>1³7¹</span> <span class='ocrx_word' id='word_1_229' title='bbox 1716 2836 1795 2882; x_wconf 87' lang='lat'>627</span> 
     </span>
     <span class='ocr_line' id='line_1_34' title="bbox 134 2885 1794 2937; baseline 0.002 -14"><span class='ocrx_word' id='word_1_230' title='bbox 134 2891 311 2933; x_wconf 87' lang='lat' dir='ltr'>possunt</span> <span class='ocrx_word' id='word_1_231' title='bbox 337 2885 411 2924; x_wconf 81' lang='grc' dir='ltr'>Ρε1</span> <span class='ocrx_word' id='word_1_232' title='bbox 526 2888 607 2935; x_wconf 86' lang='grc'>635</span> <span class='ocrx_word' id='word_1_233' title='bbox 637 2892 679 2924; x_wconf 89' lang='lat' dir='ltr'>te</span> <span class='ocrx_word' id='word_1_234' title='bbox 699 2887 889 2935; x_wconf 88' lang='lat' dir='ltr'>perferre</span> <span class='ocrx_word' id='word_1_235' title='bbox 910 2887 954 2924; x_wconf 84' lang='lat' dir='ltr'><em>R</em></span> <span class='ocrx_word' id='word_1_236' title='bbox 972 2900 979 2924; x_wconf 89' lang='lat'><strong>:</strong></span> <span class='ocrx_word' id='word_1_237' title='bbox 1011 2886 1202 2936; x_wconf 86' lang='lat' dir='ltr'>perferre</span> <span class='ocrx_word' id='word_1_238' title='bbox 1218 2886 1437 2936; x_wconf 82' lang='lat' dir='ltr'>Nettleship</span> <span class='ocrx_word' id='word_1_239' title='bbox 1560 2889 1642 2936; x_wconf 88' lang='lat'>639</span> <span class='ocrx_word' id='word_1_240' title='bbox 1671 2899 1794 2937; x_wconf 88' lang='lat' dir='ltr'>supe-</span> 
     </span>
     <span class='ocr_line' id='line_1_35' title="bbox 135 2938 1495 2992; baseline 0.003 -18"><span class='ocrx_word' id='word_1_241' title='bbox 135 2938 223 2988; x_wconf 90' lang='lat' dir='ltr'>rat]</span> <span class='ocrx_word' id='word_1_242' title='bbox 254 2939 392 2978; x_wconf 87' lang='lat' dir='ltr'>fuerat</span> <span class='ocrx_word' id='word_1_243' title='bbox 426 2939 540 2978; x_wconf 69' lang='lat' dir='ltr'>Mlm</span> <span class='ocrx_word' id='word_1_244' title='bbox 563 2940 766 2979; x_wconf 72' lang='lat' dir='ltr'>detenbres</span> <span class='ocrx_word' id='word_1_245' title='bbox 927 2942 1004 2989; x_wconf 91' lang='lat'>641</span> <span class='ocrx_word' id='word_1_246' title='bbox 1039 2954 1094 2979; x_wconf 87' lang='lat' dir='ltr'>ne</span> <span class='ocrx_word' id='word_1_247' title='bbox 1116 2947 1309 2980; x_wconf 84' lang='lat' dir='ltr'>nostrum</span> <span class='ocrx_word' id='word_1_248' title='bbox 1331 2940 1495 2992; x_wconf 65' lang='lat' dir='ltr'>MR‘ybc</span> 
     </span>
    </p>
   </div>
   <div class='ocr_carea' id='block_1_4' title="bbox 187 3013 1686 3052">
    <p class='ocr_par' dir='ltr' id='par_1_5' title="bbox 187 3013 1686 3052">
     <span class='ocr_line' id='line_1_36' title="bbox 187 3013 1686 3052; baseline 0.003 -6"><span class='ocrx_word' id='word_1_249' title='bbox 187 3019 315 3049; x_wconf 77' lang='lat' dir='ltr'><strong>VERG.</strong></span> <span class='ocrx_word' id='word_1_250' title='bbox 1632 3013 1686 3052; x_wconf 84' lang='lat'>28</span> 
     </span>
    </p>
   </div>
  </div>
 </body>
</html>
