2014 3372
254 162 306 208 P.
346 162 645 210 VERGILI
687 162 1014 212 MARONIS

252 298 378 349 sicut
414 317 574 364 aquae
611 303 878 349 tremulum
916 300 1065 350 labris
1102 301 1189 350 ubi
1225 303 1395 351 lumen
1432 303 1569 353 a'e'nis

251 385 355 432 sole
391 401 737 447 repercussum
774 393 859 432 aut
895 383 1133 433 radiantis
1170 384 1386 449 imagine
1422 387 1571 434 lunae

251 465 420 514 omnia
455 465 716 528 pervolitat
754 468 852 515 late
888 468 1011 527 loca,
1052 466 1252 530 iamque
1289 468 1382 516 sub
1418 485 1559 517 auras

251 547 451 610 erigitur
488 547 771 611 summique
808 548 918 597 ferit
954 549 1205 612 laquearia
1241 549 1371 598 tecti.
1882 572 1930 613 25

248 645 347 677 nox
384 638 485 678 erat
523 638 571 678 et
608 638 758 678 terras
795 629 1029 678 animalia
1065 632 1194 679 fessa
1229 647 1316 694 per
1353 631 1517 680 omnis

247 709 456 758 alituum
493 713 850 775 pecudumque
886 729 1043 775 genus
1081 729 1232 775 sopor
1260 715 1387 762 altus
1423 713 1656 774 habebat,

248 809 363 841 cum
402 802 541 856 pater
577 793 627 842 in
666 794 772 857 ripa
807 794 1060 858 gelidique
1097 795 1190 844 sub
1227 795 1438 844 aetheris
1475 812 1565 844 axe

246 877 457 935 Aeneas,
499 875 623 924 tristi
660 877 886 926 turbatus
922 886 1127 940 pectora
1163 877 1310 937 bello,

245 958 511 1021 procubuit
549 975 811 1022 seramque
848 958 989 1007 dedit
1025 975 1113 1021 per
1149 959 1374 1007 membra
1412 958 1644 1022 quietem.
1882 980 1934 1020 30

245 1039 361 1087 huic
398 1041 523 1088 deus
559 1039 666 1103 ipse
702 1040 800 1090 loci
836 1041 988 1089 fluvio
1026 1040 1293 1089 Tiberinus
1330 1058 1545 1097 amoeno

244 1123 486 1184 populeas
523 1121 651 1171 inter
687 1122 853 1172 senior
889 1140 942 1171 se
978 1125 1203 1171 attollere
1239 1124 1442 1172 frondes

245 1203 377 1252 visus
416 1203 553 1268 (eum
591 1204 753 1253 tenuis
790 1206 968 1267 glauco
1003 1205 1200 1253 velabat
1236 1204 1421 1253 amictu

245 1286 490 1345 carbasus,
532 1295 580 1334 et
618 1285 764 1334 crinis
802 1286 1040 1335 umbrosa
1075 1286 1274 1349 tegebat
1310 1286 1575 1353 harundo),

244 1377 351 1416 tum
389 1368 459 1417 sic
495 1368 653 1417 adfari
691 1378 740 1417 et
776 1386 918 1418 curas
955 1368 1032 1418 his
1069 1370 1271 1418 demere
1308 1369 1487 1418 dictis:
1881 1390 1928 1430 35

315 1451 390 1499 ‘O
428 1459 532 1499 sate
568 1459 715 1513 gente
753 1453 919 1510 deum,
959 1450 1230 1500 Troianam
1268 1469 1327 1500 ex
1363 1451 1593 1501 hostibus
1630 1452 1806 1502 urbem

244 1531 330 1595 qui
367 1532 558 1581 revehis
596 1532 743 1581 nobis
781 1542 1084 1596 aeternaque
1121 1536 1361 1597 Pergama
1398 1551 1574 1595 servas,

244 1625 525 1679 exspectate
563 1617 671 1664 solo
710 1614 945 1664 Laurenti
980 1615 1210 1678 arvisque
1249 1615 1452 1675 Latinis,

243 1697 324 1746 hic
361 1697 451 1746 tibi
488 1707 622 1746 certa
658 1699 855 1757 domus,
895 1696 1015 1746 certi
1054 1696 1138 1762 (ne
1175 1696 1380 1761 absiste)
1418 1706 1660 1760 penates;

243 1796 341 1828 neu
377 1778 496 1828 belli
533 1788 712 1828 terrere
749 1778 896 1827 minis
917 1798 931 1840 3
980 1788 1146 1828 tumor
1183 1778 1345 1839 omnis
1383 1788 1431 1827 et
1469 1778 1568 1827 irae
1765 1783 1767 1785 ’
1878 1799 1931 1839 40

243 1878 539 1911 concessere
577 1863 745 1910 deum.

242 1943 442 2006 iamque
478 1942 583 2003 tibi,
623 1960 687 1991 ne
722 1959 851 1991 vana
888 1951 1031 2006 putes
1069 1943 1192 1990 haec
1230 1943 1414 2005 fingere
1451 1959 1699 2002 somnum,

241 2024 426 2074 litoreis
465 2024 639 2089 ingens
677 2024 879 2073 inventa
915 2025 1009 2072 sub
1046 2023 1242 2072 ilicibus
1280 2041 1363 2073 sus

241 2106 439 2170 triginta
475 2106 695 2170 capitum
734 2108 862 2155 fetus
900 2105 1044 2154 enixa
1080 2105 1275 2165 iacebit,

241 2190 368 2248 alba,
409 2190 518 2238 solo
555 2188 814 2248 recubans,
853 2187 953 2236 albi
991 2187 1177 2236 circum
1215 2188 1368 2236 ubera
1405 2187 1520 2236 nati.
1873 2209 1925 2249 45

243 2269 345 2337 [hic
381 2272 520 2319 locus
559 2269 693 2319 urbis
731 2270 834 2330 erit,
874 2269 1069 2333 requies
1107 2287 1166 2318 ea
1201 2279 1334 2319 certa
1371 2267 1633 2336 laborum,]
1685 2276 1687 2278 ’

242 2371 300 2402 ex
337 2370 439 2417 quo
476 2363 549 2403 ter
585 2353 727 2403 denis
766 2354 941 2402 urbem
978 2352 1302 2402 redeuntibus
1339 2352 1483 2401 annis

240 2436 485 2485 Ascanius
524 2435 639 2484 clari
676 2436 861 2485 condet
898 2433 1211 2497 cognominis
1249 2434 1446 2483 Albam.

240 2519 376 2566 haud
413 2517 600 2566 incerta
636 2533 776 2566 cano.
851 2533 986 2565 nunc
1024 2533 1123 2580 qua
1159 2515 1350 2565 ratione
1387 2516 1525 2579 quod
1562 2514 1711 2564 instat

241 2599 473 2662 expedias
511 2598 681 2658 victor,
722 2598 893 2662 paucis
935 2596 1177 2664 (adverte)
1216 2597 1427 2646 docebo.
1691 2663 1693 2665 ι
1875 2617 1926 2657 50

240 2682 462 2730 Arcades
500 2680 576 2729 his
614 2679 723 2739 oris,
765 2697 921 2744 genus
958 2698 987 2728 a
1025 2681 1248 2728 Pallante
1286 2680 1577 2741 profectum,

294 2822 430 2859 22-39
451 2808 629 2848 MPRV
636 2824 646 2859 3
680 2820 813 2859 40—51
839 2808 970 2847 MPR
1138 2821 1191 2857 23
1222 2819 1475 2857 repercusso
1495 2805 1749 2856 Hoffmann,
1771 2804 1922 2856 probat

239 2864 429 2904 Deutz'cke
551 2878 605 2914 29
634 2868 810 2914 pectore
832 2863 885 2901 M
886 2862 900 2886 1
1042 2875 1178 2912 42-49
1209 2862 1389 2901 damnat
1407 2861 1591 2911 Ribbeck,
1614 2864 1653 2898 et
1668 2872 1769 2898 sane
1788 2859 1922 2898 Iocum

241 2933 324 2958 non
363 2918 577 2958 absolvisse
614 2919 776 2957 videtur
805 2922 928 2969 poeta
1105 2917 1358 2966 43—46=iii.
1382 2927 1576 2966 390—393
1754 2915 1808 2963 46
1836 2927 1920 2952 om.

240 2972 433 3025 MP7¹a¹‚
453 2987 535 3013 non
551 2974 690 3025 legisse
702 2972 865 3011 videtur
876 2972 1007 3024 Sem,
1025 2973 1161 3022 quiex
1178 2984 1262 3022 quo
1281 2972 1383 3022 ‘qua
1399 2967 1699 3010 ratiocinatione
1709 2966 1719 2983 '
1733 2969 1921 3019 interpre-

241 3032 357 3067 tatur
519 3040 575 3078 50
604 3027 833 3078 expediam
860 3025 912 3064 Μ
914 3025 1036 3075 2P²7¹
1861 3030 1864 3032 ’
