2014 3372
264 183 316 232 P.
358 185 657 232 VERGILI
697 183 1022 232 MARONIS

264 323 548 373 femineum.
624 323 805 387 quibus
842 325 967 372 haec
1003 322 1156 372 medii
1192 322 1376 372 fiducia
1410 321 1525 371 valli

264 407 607 468 fossarumque
644 422 827 465 morae,
866 404 952 453 leti
987 404 1273 453 discrimina
1308 421 1470 468 parva,

264 489 385 535 dant
421 487 626 536 animos.
702 497 752 536 at
788 504 891 536 non
927 486 1157 535 viderunt
1194 485 1393 535 moenia
1428 484 1609 534 Troiae

266 568 489 632 Neptuni
526 568 763 618 fabricata
799 585 950 617 manu
987 568 1247 617 considere
1282 566 1334 615 in
1369 565 1531 629 ignis?
1859 583 1937 624 145

266 651 354 699 sed
390 666 493 710 vos,
533 666 564 698 o
600 650 729 709 lecti,
769 652 897 698 ferro
935 649 1046 712 quis
1083 648 1310 697 scindere
1345 649 1530 695 vallum

264 740 467 794 apparat
505 740 554 780 et
591 748 790 780 mecum
827 730 1016 779 invadit
1051 728 1348 792 trepidantia
1384 730 1583 777 castra?

265 830 368 862 non
404 812 551 861 armis
589 811 711 860 mihi
747 811 975 871 Volcani,
1015 828 1117 860 non
1154 811 1288 859 mille
1325 810 1502 858 carinis

264 903 337 943 est
375 911 500 958 opus
539 894 589 942 in
627 896 861 942 Teucros.
936 895 1125 942 addant
1161 909 1213 941 se
1248 892 1474 956 protinus
1511 907 1687 940 omnes

267 976 461 1025 Etrusci
500 975 674 1025 socios.
750 976 978 1024 tenebras
1016 984 1064 1024 et
1100 974 1275 1023 inertia
1309 975 1437 1022 furta
1861 966 1943 1031 15¹0

267 1057 496 1124 [Palladii
535 1058 690 1107 caesis
728 1075 952 1107 summae
989 1056 1280 1106 custodibus
1317 1053 1462 1122 arcis]

264 1158 327 1190 ne
365 1141 583 1201 timeant,
626 1157 720 1189 nec
756 1140 872 1203 equi
909 1156 1058 1188 caeca
1093 1140 1368 1187 condemur
1402 1137 1454 1185 in
1490 1139 1633 1186 alvo:

263 1225 373 1271 luce
412 1224 577 1286 palam
616 1230 806 1270 certum
843 1230 916 1270 est
952 1220 1054 1283 igni
1090 1220 1396 1268 circumdare
1433 1235 1613 1267 muros.

264 1306 398 1353 haud
437 1303 531 1352 sibi
570 1321 683 1352 cum
724 1302 911 1352 Danais
948 1319 1052 1351 rem
1089 1304 1201 1350 faxo
1237 1310 1287 1349 et
1322 1301 1457 1363 pube
1494 1301 1699 1363 Pelasga

264 1403 372 1435 esse
398 1388 569 1445 ferant,
601 1385 854 1434 decimum
881 1401 1007 1448 quos
1028 1382 1218 1432 distulit
1246 1385 1440 1430 Hector
1463 1381 1514 1429 in
1540 1397 1741 1429 annum.
1861 1396 1939 1438 155

265 1485 399 1517 nunc
435 1469 579 1527 adeo,
623 1467 797 1516 melior
834 1466 1072 1530 quoniam
1110 1482 1221 1529 pars
1258 1473 1369 1512 acta
1406 1462 1518 1522 diei,

265 1552 402 1614 quod
441 1559 677 1613 superest,
718 1548 834 1598 laeti
869 1550 999 1598 bene
1035 1547 1183 1611 gestis
1221 1563 1427 1610 corpora
1463 1546 1610 1594 rebus

265 1641 538 1696 procurate,
579 1630 681 1691 viri,
722 1639 771 1680 et
807 1647 1024 1694 pugnam
1063 1638 1255 1693 sperate
1292 1627 1478 1691 parari.'

265 1713 452 1763 interea
489 1712 692 1777 vigilum
731 1711 951 1761 excubiis
990 1711 1220 1760 obsidere
1256 1718 1420 1773 portas

265 1812 382 1844 cura
418 1797 562 1844 datur
604 1797 841 1858 Messapo
878 1802 927 1842 et
963 1792 1162 1842 moenia
1199 1791 1393 1855 cingere
1430 1789 1654 1839 flammis.
1867 1795 1946 1836 160

265 1876 341 1925 bis
380 1885 570 1938 septem
613 1874 787 1923 Rutuli
824 1891 991 1922 muros
1029 1873 1114 1936 qui
1151 1872 1306 1921 milite
1343 1881 1537 1920 servent

267 1957 460 2017 delecti,
501 1966 576 2006 ast
613 1956 722 2005 illos
760 1955 955 2005 centeni
992 1971 1243 2017 quemque
1282 1962 1555 2016 sequuntur

267 2038 498 2103 purpurei
539 2037 694 2086 cristis
732 2037 935 2086 iuvenes
972 2053 1193 2099 auroque
1230 2034 1434 2084 corusci.

269 2120 548 2170 discurrunt
587 2119 876 2183 variantque
911 2118 1056 2178 vices,
1097 2117 1292 2180 fusique
1328 2133 1415 2180 per
1450 2116 1656 2164 herbam

267 2201 527 2265 indulgent
564 2201 680 2250 vino
717 2210 766 2250 et
803 2209 999 2250 vertunt
1036 2209 1245 2248 crateras
1282 2201 1447 2247 aenos.
1865 2203 1942 2255 165

270 2285 535 2333 conlucent
572 2283 723 2346 ignes,
765 2290 965 2331 noctem
1003 2279 1229 2329 custodia
1265 2278 1403 2328 ducit

269 2366 550 2414 insomnem
588 2366 721 2413 ludo.

340 2450 484 2496 Haec
521 2463 668 2510 super
703 2464 730 2495 e
767 2449 896 2495 vallo
935 2454 1254 2510 prospectant
1290 2446 1447 2493 Troes
1485 2452 1533 2493 et
1568 2441 1716 2491 armis

270 2532 368 2578 alta
404 2537 588 2588 tenent,
628 2545 722 2577 nec
759 2545 862 2577 non
902 2527 1080 2591 trepidi
1118 2525 1382 2576 formidine
1417 2533 1583 2588 portas

271 2613 526 2674 explorant
562 2610 828 2673 pontisque
868 2619 917 2659 et
953 2610 1324 2674 propugnacula
1359 2607 1580 2669 iungunt,
1864 2619 1944 2663 170

331 2746 515 2793 142—164
547 2743 741 2792 FMPR3
794 2744 981 2792 165-170
1019 2739 1150 2778 MPR
1423 2748 1499 2785 143
1530 2734 1772 2774 discrimine
1810 2731 1944 2783 F¹M7

272 2813 401 2849 parvo
421 2798 659 2849 F²MP2R7
677 2813 684 2837 :
722 2810 874 2848 parvas
893 2795 949 2834 Ρ1
1080 2806 1155 2842 144
1186 2804 1332 2831 annon
1352 2806 1381 2829 π
1399 2790 1516 2829 Serv.
1535 2788 1753 2827 Diomedes
1866 2787 1943 2835 146

271 2855 341 2903 qui
355 2854 551 2894 scindere
568 2853 695 2902 codd.,
717 2854 885 2892 correxit
904 2851 1078 2902 Wagner
1171 2859 1243 2896 151
1259 2865 1293 2903 z
1305 2845 1344 2885 ii.
1366 2846 1444 2884 166
1459 2857 1541 2884 om.
1557 2843 1674 2883 editio
1685 2841 1937 2885 Parmensis,

270 2909 481 2948 secludunt
502 2909 667 2960 Bryant
686 2908 760 2946 alii
887 2903 1096 2955 summae]
1140 2902 1225 2941 late
1245 2899 1381 2939 F1Rb1
1498 2909 1573 2948 155
1602 2894 1762 2947 serant]
1790 2899 1943 2945 putent

272 2963 491 3014 MR7²b²c²
610 2963 686 3012 156
717 2962 802 3000 diei
842 2966 907 2999 est
947 2958 999 2996 M
1001 2958 1134 2997 ²Rbcn
1304 2957 1381 2993 160
1410 2954 1576 2991 flamma
1613 2949 1714 2988 FRb
1865 2950 1939 2988 161

274 3018 436 3056 Rutulo
480 3016 545 3055 M¹
717 3018 794 3053 162
825 3014 962 3053 secuti
984 3013 1066 3050 Rb2
