2014 3372
1304 155 1451 203 AEN
1457 154 1668 203 EIDOS
1706 154 1791 202 III

124 303 421 365 compellare
457 299 614 349 virum
651 307 700 347 et
735 314 877 347 casus
915 312 1215 360 cognoscere
1250 303 1426 344 tantos.

120 382 407 445 progredior
441 389 586 445 portu
622 378 790 428 classis
827 386 876 427 et
911 376 1054 426 litora
1088 376 1331 438 linquens,
1708 394 1791 435 300

120 462 373 511 sollemnis
410 478 524 510 cum
560 462 685 508 forte
719 460 874 521 dapes
911 466 960 506 et
996 456 1150 505 tristia
1184 458 1318 505 dona

120 552 234 592 ante
271 543 444 591 urbem
480 542 532 590 in
567 543 681 589 luco
717 539 825 588 falsi
863 537 1129 588 Simoentis
1164 539 1230 587 ad
1265 538 1452 586 undam

118 623 304 672 libabat
340 622 492 671 cineri
526 622 879 670 Andromache
916 619 1174 682 manisque
1208 618 1419 667 vocabat

122 707 431 754 Hectoreum
466 705 532 753 ad
568 705 829 761 tumulum,
868 700 1011 750 viridi
1047 717 1198 763 quem
1234 699 1450 762 caespite
1486 697 1687 748 inanem

119 794 168 833 et
203 785 436 848 geminas,
477 801 676 833 causam
714 782 939 841 lacrimis,
978 789 1250 830 sacraverat
1284 797 1403 829 aras.
1705 798 1784 840 305

116 873 171 913 ut
207 882 287 914 me
323 864 577 928 conspexit
612 863 894 913 venientem
930 871 979 912 et
1014 861 1163 911 Troia
1198 860 1384 910 circum

116 962 251 994 arma
286 963 458 995 amens
494 945 628 1005 vidit,
668 944 858 1008 magnis
894 942 1119 993 exterrita
1153 941 1385 991 monstris

95 1026 326 1090 *deriguit
362 1026 469 1076 visu
505 1026 556 1075 in
593 1026 775 1085 medio,
815 1027 947 1074 calor
982 1041 1095 1073 ossa
1129 1023 1360 1086 reliquit;

115 1107 294 1159 labitur
329 1117 377 1158 et
412 1110 562 1172 longo
597 1107 676 1156 vix
711 1109 913 1156 tandem
951 1115 1173 1169 tempore
1207 1107 1367 1154 fatur:

118 1192 324 1238 ‘verane
360 1198 409 1237 te
445 1188 606 1247 facies,
646 1204 789 1237 verus
825 1187 947 1235 mihi
982 1186 1185 1235 nuntius
1220 1187 1396 1245 adfers,
1705 1206 1787 1246 310

115 1278 230 1318 nate
266 1270 397 1318 dea?
448 1268 675 1317 vivisne?
721 1276 818 1326 aut,
858 1267 899 1315 si
934 1269 1018 1315 lux
1051 1268 1184 1314 alma
1217 1266 1429 1325 recessit,

117 1353 310 1400 Hector
344 1350 431 1399 ubi
467 1352 602 1398 est?'
651 1349 785 1407 dixit,
826 1348 1151 1410 lacrimasque
1187 1347 1359 1396 effudit
1395 1356 1444 1396 et
1480 1363 1682 1397 omnem

113 1430 334 1493 implevit
368 1432 582 1479 clamore
617 1431 798 1479 locum.
870 1428 950 1476 vix
985 1444 1144 1491 pauca
1178 1426 1358 1476 furenti

112 1512 303 1576 subicio
339 1521 387 1562 et
422 1511 539 1560 raris
574 1511 798 1560 turbatus
833 1509 1039 1559 vocibus
1075 1508 1243 1558 hisco:

117 1592 258 1642 ‘vivo
294 1593 529 1655 equidem
564 1592 817 1654 vitamque
853 1600 1070 1640 extrema
1105 1607 1192 1653 per
1227 1588 1397 1638 omnia
1432 1590 1564 1639 duco
1580 1608 1595 1651 3
1700 1611 1780 1651 315

111 1693 174 1724 ne
210 1674 395 1734 dubita,
435 1691 552 1722 nam
586 1691 700 1723 vera
735 1672 886 1721 vides.

111 1759 239 1805 heu!
276 1755 386 1819 quis
423 1765 473 1804 te
508 1773 650 1804 casus
687 1754 932 1804 deiectam
969 1753 1179 1816 coniuge
1214 1762 1352 1801 tanto

110 1837 303 1900 excipit,
341 1845 426 1885 aut
461 1854 590 1900 quae
625 1836 775 1899 digna
809 1835 926 1885 satis
961 1837 1158 1884 fortuna
1191 1833 1368 1892 revisit,

113 1917 346 1968 Hectoris
383 1919 773 1967 Andromache?
822 1916 1027 1980 Pyrrhin
1063 1914 1279 1964 conubia
1314 1916 1513 1963 servas?
1533 1916 1544 1938 ²

111 1999 289 2048 deiecit
325 2001 517 2047 vultum
553 2007 602 2047 et
637 1997 854 2047 demissa
887 2013 1010 2045 voce
1046 1998 1212 2044 locuta
1247 2004 1349 2044 est:
1697 2016 1780 2055 320

114 2086 170 2129 ‘o
207 2080 321 2129 felix
355 2097 455 2127 una
489 2089 604 2128 ante
640 2079 758 2126 alias
796 2076 1038 2125 Priameia
1071 2076 1220 2139 virgo,

108 2160 339 2210 hostilem
375 2162 440 2209 ad
476 2161 722 2208 tumulum
759 2157 938 2206 Troiae
973 2158 1066 2205 sub
1105 2155 1366 2205 moenibus
1402 2155 1511 2204 altis

109 2242 239 2291 iussa
276 2241 412 2301 mori,
453 2258 581 2304 quae
618 2240 815 2288 sortitus
852 2255 954 2287 non
991 2237 1189 2300 pertulit
1224 2239 1350 2286 ullos

108 2340 200 2372 nec
236 2322 431 2371 victoris
468 2321 573 2370 heri
609 2320 765 2384 tetigit
800 2318 994 2381 captiva
1029 2318 1221 2367 cubile!

107 2421 199 2453 nos
235 2404 390 2468 patria
424 2403 627 2452 incensa
662 2402 853 2451 diversa
888 2417 976 2463 per
1009 2415 1224 2462 aequora
1258 2408 1428 2448 vectae
1694 2419 1744 2459 32
1752 2418 1773 2458 5

107 2486 267 2549 stirpis
304 2486 559 2534 Achilleae
594 2487 745 2533 fastus
782 2484 1112 2545 iuvenemque
1148 2481 1416 2543 superbum

107 2566 304 2616 servitio
341 2566 511 2616 enixae
547 2566 748 2615 tulimus
765 2585 778 2627 3
816 2564 902 2628 qui
937 2562 1120 2612 deinde
1155 2571 1353 2610 secutus

108 2649 359 2713 Ledaeam
397 2647 709 2696 Hermionen
747 2643 1273 2705 Lacedaemoniosque
1308 2644 1609 2705 hymenaeos

107 2745 188 2777 me
223 2728 410 2776 famulo
445 2729 780 2790 famulamque
817 2728 1018 2775 Heleno
1055 2722 1320 2773 transmisit
1355 2723 1651 2771 habendam.

164 2871 244 2908 299
263 2857 375 2905 MP;
404 2869 598 2906 300-329
618 2855 744 2894 FMP
968 2868 1051 2904 310
1079 2852 1226 2904 verus]
1248 2865 1395 2891 verum
1417 2850 1488 2888 Ml
1692 2863 1773 2900 312

109 2911 289 2951 effundit
308 2911 351 2949 P
474 2924 555 2960 319
584 2910 914 2949 Andromachen
935 2908 967 2946 c¹
988 2908 1202 2955 deteriora,
1227 2907 1409 2957 agnoscit
1425 2904 1540 2944 Serv.
1618 2904 1773 2954 Pyrrhi

108 2965 264 3004 F1P¹c1
374 2978 453 3015 327
485 2966 609 3004 enixe
630 2977 655 3002 a
677 2963 871 3003 Donatus
893 2962 1070 3002 Charisii
1084 2960 1307 3011 Bobiensis,
1324 2959 1474 3012 probat
1490 2958 1665 2999 KviZala
