2014 3372
201 170 254 218 P.
293 169 594 218 VERGILI
633 168 961 220 MARONIS

199 325 276 357 ars
312 310 469 358 fuerat
504 323 791 372 pauperque
827 311 1009 359 domus
1045 326 1139 359 nec
1176 318 1295 359 nota
1330 319 1592 374 potentum

200 384 417 450 munerag
457 391 810 453 conductaque
845 399 985 453 pater
1019 393 1193 440 tellure
1231 392 1435 440 serebat.
1483 428 1487 431 1
1797 412 1878 452 5²0

199 487 258 519 ac
293 473 427 519 velut
463 470 672 520 immissi
709 471 914 521 diversis
951 472 1171 536 partibus
1208 473 1345 536 ignes

198 562 419 602 arentem
455 552 507 601 in
545 552 719 601 silvam
756 562 806 602 et
841 553 1048 617 virgulta
1085 554 1314 602 sonantia
1348 555 1499 613 lauro,

198 644 283 684 aut
318 635 405 684 ubi
441 637 653 685 decursu
689 635 865 699 rapido
903 638 967 685 de
1003 636 1258 685 montibus
1293 636 1402 685 altis

198 719 319 766 dant
356 717 575 767 sonitum
612 718 836 781 spumosi
871 729 1045 768 amnes
1082 727 1131 768 et
1167 718 1219 767 in
1254 736 1470 782 aequora
1506 729 1707 768 currunt

199 799 410 862 quisque
448 816 594 849 suum
630 801 897 863 populatus
934 799 1057 849 iter:
1097 817 1201 849 non
1238 799 1434 863 segnius
1470 801 1621 849 ambo
1797 820 1873 861 525
1936 801 1940 805 ’

197 882 395 929 Aeneas
433 882 733 943 Turnusque
768 889 918 928 ruunt
952 898 1041 944 per
1075 881 1290 944 proelia3
1334 898 1481 940 nunc,
1522 898 1656 930 nunc

197 964 403 1011 fluctuat
438 962 508 1011 ira
543 962 689 1023 intus,
729 972 1027 1026 rumpuntur
1061 963 1230 1012 nescia
1264 962 1396 1011 vinci
1428 990 1429 993 =

198 1052 410 1107 pectora,
451 1061 586 1093 nunc
622 1044 740 1094 totis
775 1044 827 1092 in
863 1046 1067 1094 vulnera
1101 1043 1285 1093 viribus
1321 1044 1429 1094 itur.

267 1127 561 1174 Murranum
598 1125 693 1186 hic,
732 1135 902 1175 atavos
939 1135 988 1175 et
1023 1143 1228 1175 avorum
1264 1125 1469 1189 antiqua
1505 1135 1769 1176 sonantem

197 1206 402 1255 nomina
436 1224 524 1270 per
559 1225 798 1271 regesque
834 1217 1001 1257 actum
1037 1225 1192 1272 genus
1230 1224 1380 1256 omne
1417 1207 1636 1268 Latinos,
1793 1226 1875 1269 530

196 1287 518 1351 praecipitem
555 1291 764 1353 scopulo
799 1299 950 1353 atque
986 1289 1199 1353 ingentis
1235 1289 1431 1338 turbine
1468 1289 1570 1338 saxi

197 1370 380 1418 excutit
417 1371 727 1434 effunditque
763 1374 870 1421 solo
887 1391 901 1434 3
937 1374 1072 1421 hunc
1108 1374 1211 1421 lora
1247 1380 1295 1420 et
1331 1371 1444 1435 iuga
1481 1372 1650 1420 subter

196 1453 483 1514 provolvere
519 1461 668 1512 rotae,
710 1454 884 1502 crebro
920 1470 1068 1516 super
1103 1455 1288 1516 ungula
1322 1455 1468 1516 pulsu

196 1531 348 1582 incita
384 1551 477 1582 nec
515 1534 707 1583 domini
744 1551 1023 1583 memorum
1060 1537 1315 1598 proculcat
1351 1551 1605 1597 equorum.

194 1613 276 1663 ille
312 1614 472 1663 ruenti
511 1617 666 1678 Hyllo
701 1615 980 1679 animisque
1015 1615 1234 1664 immane
1269 1615 1496 1664 frementi
1793 1635 1871 1676 535

196 1695 408 1745 occurrit
444 1699 700 1760 telumque
736 1707 905 1746 aurata
940 1699 1006 1747 ad
1043 1706 1267 1761 tempora
1302 1706 1526 1760 torquet:

196 1776 281 1825 olli
316 1794 404 1839 per
438 1779 630 1841 galeam
667 1780 766 1827 fixo
804 1777 937 1827 stetit
975 1780 1116 1827 hasta
1152 1779 1367 1827 cerebro.

195 1859 396 1906 dextera
430 1876 525 1907 nec
560 1868 646 1908 tua
681 1868 741 1918 te,
784 1859 989 1908 Graium
1026 1860 1290 1909 fortissime
1327 1861 1557 1918 Cretheu,

196 1937 373 2001 eripuit
409 1941 595 1998 Turno,
635 1956 728 1988 nec
765 1939 818 1988 di
854 1949 1018 1988 texere
1056 1942 1353 2003 Cupencum

195 2021 369 2067 Aenea
402 2019 633 2068 veniente
668 2019 777 2068 sui:
822 2020 963 2069 dedit
1000 2020 1146 2069 obvia
1182 2022 1309 2069 ferro
1794 2041 1874 2081 540

194 2108 409 2162 pectora,
448 2117 542 2149 nec
578 2100 758 2149 misero
795 2101 941 2163 clipei
979 2118 1117 2150 mora
1152 2101 1335 2165 profuit
1370 2102 1511 2151 aerei.

194 2189 243 2229 te
280 2197 481 2243 quoque
518 2183 789 2230 Laurentes
826 2182 1067 2241 viderunt,
1108 2185 1280 2242 Aeole‚
1320 2183 1483 2246 campi

195 2270 430 2324 oppetere
466 2270 515 2310 et
551 2264 648 2311 late
684 2272 862 2312 terram
901 2273 1216 2313 consternere
1253 2273 1418 2328 tergo:

195 2341 394 2402 occidis,
434 2342 644 2406 Argivae
681 2361 831 2407 quem
868 2363 971 2394 non
1008 2355 1213 2410 potuere
1249 2347 1518 2409 phalanges

195 2430 410 2471 sternere
446 2440 541 2472 nec
577 2423 759 2473 Priami
796 2443 1059 2489 regnorum
1099 2444 1294 2476 eversor
1328 2426 1549 2476 Achilles
1566 2444 1580 2487 3
1789 2445 1866 2487 545

193 2503 275 2552 hic
311 2503 401 2552 tibi
438 2504 608 2554 mortis
645 2514 784 2555 erant
820 2517 995 2567 metae,
1037 2510 1218 2557 domus
1253 2510 1353 2556 alta
1387 2508 1480 2556 sub
1519 2509 1624 2566 Ida,

195 2583 399 2646 Lyrnesi
436 2586 616 2634 domus
653 2587 762 2646 alta,
804 2590 912 2637 solo
949 2591 1197 2638 Laurente
1233 2591 1526 2652 sepulcrum.

193 2672 327 2711 totae
362 2665 490 2712 adeo
527 2682 794 2714 conversae
830 2666 962 2715 acies
999 2684 1274 2731 omnesque
1311 2666 1488 2726 Latini,

194 2759 369 2792 omnes
408 2746 739 2806 Dardanidae,
783 2749 1077 2797 Mnestheus
1113 2765 1325 2812 acerque
1362 2751 1584 2798 Serestus

249 2887 440 2926 519-549
481 2874 613 2915 MPR
771 2890 853 2929 520
882 2879 1080 2931 munera]
1111 2879 1258 2918 limina
1293 2879 1347 2917 M
1357 2878 1547 2919 Deuticke
1687 2877 1865 2940 sedebat

193 2927 815 3039 ἔῖιᾱίηέηδίῖιῖτεέἶηὲῗὲέῑῖοῑᾱᾱ
863 2946 944 2984 532
966 2934 1153 2986 excutit]
1176 2935 1334 2984 excipit
1353 2933 1407 2971 M
1511 2946 1589 2984 541
1613 2944 1728 2971 aerei
1748 2930 1868 2971 edttto
