2014 3372
1319 173 1679 226 AENEIDOS
1715 172 1823 222 XII

161 325 227 374 ad
262 324 454 372 caelum
490 320 713 370 undabat
746 327 912 368 vertex
947 315 1218 379 turrimque
1254 314 1469 373 tenebat,

162 400 331 451 turrim
368 398 640 463 compactis
675 397 897 447 trabibus
934 412 1084 459 quam
1121 396 1354 443 eduxerat
1389 392 1495 456 ipse

162 482 550 544 subdideratque
585 489 715 529 rotas
751 477 1017 542 pontisque
1053 476 1339 524 instraverat
1372 475 1512 523 altos.
1743 479 1822 532 675

109 610 111 612 ,
165 563 293 612 ‘iam
331 562 428 611 iarn
464 564 574 620 fata,
616 577 763 619 soror,
805 567 1048 622 superant,
1088 556 1270 606 absiste
1306 555 1518 615 morari3

161 661 262 707 quo
298 645 420 693 deus
457 652 506 692 et
542 659 643 705 quo
685 643 807 690 dura
841 649 986 688 vocat
1024 641 1242 688 Fortuna
1278 653 1551 701 sequamur.

163 734 258 773 stat
293 726 514 773 conferre
549 739 753 771 manum
788 724 1004 780 Aeneae,
1044 729 1149 779 stat,
1190 717 1434 782 quidquid
1468 716 1633 766 acerbi
1668 724 1756 775 est,

127 831 131 833 >
162 815 319 855 morte
354 805 468 868 pati,
509 821 672 867 neque
709 820 789 852 me
825 803 1125 861 indecorem,
1164 817 1409 865 germana,
1446 797 1638 848 videbis

161 887 383 951 amplius.
457 888 605 945 hunc,
645 903 746 945 oro,
786 884 891 934 sine
927 901 1008 933 me
1043 886 1201 932 furere
1237 891 1351 931 ante
1386 881 1629 930 furorem.'
1744 888 1826 928 680

161 968 295 1028 dixit,
335 978 384 1018 et
420 985 448 1016 e
484 985 626 1017 curru
664 969 843 1016 saltum
881 965 1019 1015 dedit
1057 965 1194 1014 ocius
1230 963 1369 1024 arvis⁴

161 1067 346 1114 perque
382 1049 550 1108 hostis,
591 1066 678 1112 per
714 1050 811 1097 tela
847 1047 942 1096 ruit
979 1056 1317 1108 maestamque
1353 1061 1570 1094 sororem

161 1130 341 1180 deserit
375 1147 434 1179 ac
470 1129 643 1194 rapido
681 1146 825 1179 cursu
863 1128 1028 1177 media
1064 1127 1260 1190 agmina
1296 1125 1490 1190 rumpit.

160 1229 219 1260 ac
255 1211 405 1269 veluti
442 1211 624 1260 montis
663 1227 833 1259 saxum
871 1211 934 1259 de
971 1208 1151 1258 vertice
1187 1223 1422 1272 praeceps
1492 1238 1495 1240 -

162 1309 275 1341 cum
312 1291 407 1340 ruit
443 1294 668 1341 avulsum
705 1300 868 1351 vento,
909 1307 995 1340 seu
1033 1289 1257 1339 turbidus
1294 1288 1451 1337 imber
1745 1295 1825 1347 685

160 1372 343 1437 proluit
378 1382 463 1421 aut
499 1372 641 1421 annis
679 1372 822 1422 solvit
859 1372 1091 1435 sublapsa
1125 1379 1374 1430 vetustas3

161 1457 317 1504 fertur*
346 1453 398 1502 in
434 1454 699 1517 abruptum
737 1470 917 1516 magno
955 1469 1098 1502 mons
1135 1451 1391 1514 improbus
1426 1458 1540 1499 actu

162 1536 470 1598 exsultatque
508 1536 628 1594 solo,
669 1533 813 1583 silvas
850 1542 1072 1582 armenta
1105 1532 1333 1595 virosque

161 1616 417 1665 involvens
454 1631 656 1664 secum:
706 1614 912 1664 disiecta
947 1630 1035 1677 per
1070 1613 1267 1676 agmina
1302 1614 1500 1661 Turnus

162 1696 232 1745 sic
268 1696 401 1745 urbis
438 1695 533 1744 ruit
568 1697 632 1744 ad
669 1712 850 1754 muros,
889 1694 976 1743 ubi
1010 1694 1220 1758 plurima
1254 1695 1363 1742 fuso
1746 1701 1828 1754 690

163 1777 399 1840 sanguine
437 1786 562 1825 terra
598 1777 765 1824 madet
803 1775 1114 1838 striduntque
1151 1773 1408 1823 hastilibus
1445 1790 1606 1833 aurae,

163 1857 504 1921 significatque
541 1874 692 1906 manu
730 1866 777 1906 et
814 1874 995 1920 magno
1032 1856 1176 1904 simul
1214 1854 1386 1919 incipit
1422 1871 1538 1904 ore:

166 1943 177 1964 ‘
198 1939 380 2002 parcite
424 1938 536 1997 iarn,
580 1938 765 1996 Rutuli,
807 1947 855 1986 et
891 1954 978 1985 vos
1015 1938 1111 1984 tela
1145 1935 1378 1995 inhibete,
1420 1934 1614 1994 Latini3

164 2035 507 2082 quaecumque
548 2028 621 2066 est
659 2021 865 2076 fortuna,
906 2034 1016 2066 mea
1052 2026 1154 2077 est3
1202 2033 1282 2064 me
1319 2015 1478 2065 verius
1514 2033 1670 2065 unum

163 2116 252 2162 pro
290 2099 430 2148 vobis
468 2100 643 2148 foedus
681 2100 814 2146 luere
850 2107 898 2146 et
934 2099 1197 2146 decernere
1232 2099 1388 2146 ferro!
1743 2106 1823 2159 695

163 2180 431 2230 discessere
468 2197 642 2229 omnes
679 2178 830 2229 medii
871 2169 1184 2241 spatiumque
1220 2179 1414 2226 dedere.

231 2265 299 2310 At
334 2272 471 2325 pater
506 2265 703 2311 Aeneas
739 2260 909 2310 audito
946 2259 1147 2308 nomine
1183 2259 1339 2307 Turni

164 2342 343 2392 deserit
381 2353 428 2391 et
466 2360 630 2392 muros
668 2352 716 2391 et
753 2357 970 2390 summas
1006 2339 1185 2388 deserit
1220 2356 1355 2388 arces

163 2423 548 2486 praecipitatque
586 2442 748 2473 moras
785 2422 964 2482 omnis,
1001 2438 1149 2484 opera
1185 2420 1351 2469 omnia
1386 2420 1570 2485 rumpit

163 2504 346 2553 laetitia
382 2508 628 2555 exsultans
666 2506 1068 2567 horrendumque
1103 2502 1295 2550 intonat
1329 2501 1504 2550 armis:
1745 2520 1827 2563 700

164 2595 376 2648 quantus
415 2588 574 2635 Athos
614 2597 697 2635 aut
734 2596 946 2649 quantus
986 2588 1115 2648 Eryx
1149 2594 1232 2632 aut
1268 2583 1373 2646 ipse
1409 2582 1624 2632 coruscis

163 2682 277 2713 cum
314 2667 474 2715 fremit
511 2667 703 2716 ilicibus
742 2677 955 2730 quantus
987 2669 1273 2737 gaudetque
1309 2664 1456 2712 nivali

162 2748 342 2796 vertice
379 2765 430 2797 se
466 2751 695 2798 attollens
732 2758 869 2811 pater
907 2749 1234 2812 Appenninus
1274 2749 1338 2797 ad
1375 2763 1528 2795 auras.

162 2829 259 2878 iam
296 2846 411 2878 vero
448 2839 496 2877 et
534 2830 706 2878 Rutuli
744 2830 963 2879 certatim
1001 2840 1049 2878 et
1086 2833 1240 2879 Troes
1278 2840 1326 2878 et
1368 2845 1541 2877 omnes

216 2961 404 3008 673-687
421 2959 574 3008 MPV3
595 2961 786 3009 688-704
806 2960 983 3001 MPRV
1114 2962 1192 3011 677
1216 2974 1297 3011 qua
1313 2962 1417 3000 dura
1432 2961 1474 3006 P
1581 2974 1655 3012 701
1674 2960 1824 3001 Athon

161 3012 250 3052 b¹crr
270 3012 485 3064 determinas,
502 3014 682 3065 praefert
698 3014 810 3058 Serv.

1587 3078 1666 3120 28*
