2014 3372
230 147 283 199 P.
323 149 624 199 VERGILI
663 148 989 197 MARONIS

225 290 505 354 attollitque
539 290 715 353 globos
752 291 1063 337 flammarum
1099 296 1149 337 et
1184 287 1345 337 sidera
1379 287 1568 348 lambit,

226 372 477 422 interdum
514 372 746 435 scopulos
782 372 1049 434 avulsaque
1085 369 1271 419 viscera
1306 368 1490 418 montis

227 454 366 518 erigit
403 462 643 513 eructans,
684 452 1050 516 liquefactaque
1086 468 1201 500 saxa
1237 451 1330 500 sub
1366 468 1508 500 auras

227 551 343 583 curn
379 534 565 598 gemitu
601 536 841 597 glomerat
876 535 1135 597 fundoque
1171 541 1422 582 exaestuat
1456 532 1572 582 imo.

228 618 361 665 fama
398 625 472 665 est
511 615 752 665 Enceladi
788 624 1062 664 semustum
1098 614 1305 663 fulmine
1341 631 1520 678 corpus

227 697 386 762 urgeri
422 700 555 747 mole
590 699 697 758 hac,
737 697 1090 761 ingentemque
1126 696 1327 760 insuper
1362 699 1577 746 Aetnam

227 778 512 843 impositam
548 778 702 843 ruptis
739 780 992 827 flammam
1029 777 1272 842 exspirare
1308 777 1529 838 caminis,

228 870 278 910 et
314 862 499 910 fessum
536 861 766 923 quotiens
804 870 962 910 mutet
997 863 1137 921 latus,
1177 860 1440 909 intremere
1476 877 1679 910 omnem

231 959 481 991 murmure
518 942 825 991 Trinacriam
862 952 910 991 et
947 944 1140 991 caelum
1176 942 1436 991 subtexere
1471 942 1623 991 fumo.

228 1033 430 1073 noctem
466 1023 601 1072 illam
637 1024 755 1073 tecti
791 1024 923 1073 silvis
959 1024 1195 1073 immania
1231 1033 1451 1073 monstra

227 1105 531 1169 perferimus,
571 1122 666 1154 nec
702 1122 830 1169 quae
866 1105 1085 1154 sonitum
1122 1107 1207 1154 det
1242 1122 1391 1154 causa
1425 1105 1666 1155 videmus.

228 1203 346 1235 nam
383 1204 547 1250 neque
584 1196 722 1236 erant
757 1196 999 1236 astrorum
1037 1187 1174 1249 ignes
1210 1203 1303 1235 nec
1338 1186 1534 1235 lucidus
1569 1188 1740 1237 aethra

229 1268 419 1317 siderea
456 1270 612 1332 poluS‚
654 1269 868 1317 obscuro
905 1270 995 1317 sed
1029 1267 1199 1317 nubila
1235 1269 1387 1328 caelo,

228 1358 277 1398 et
312 1352 482 1398 lunam
518 1349 570 1397 in
606 1349 780 1399 nimbo
815 1367 915 1398 nox
949 1349 1247 1413 intempesta
1282 1350 1496 1398 tenebat.

297 1433 500 1480 Postera
535 1431 735 1494 iamque
772 1431 877 1480 dies
914 1430 1073 1494 primo
1111 1431 1339 1494 surgebat
1377 1433 1487 1480 Eoo

229 1522 585 1575 umentemque
622 1515 813 1561 Aurora
848 1514 966 1575 polo
1004 1511 1278 1561 dimoverat
1313 1513 1555 1573 umbram,

227 1612 344 1644 cum
381 1594 546 1643 subito
584 1611 611 1643 e
648 1593 780 1643 silvis
817 1593 977 1643 macie
1014 1595 1241 1643 confecta
1278 1610 1507 1657 suprema

227 1676 383 1740 ignoti
419 1693 548 1725 nova
583 1678 741 1725 forma
776 1675 865 1724 viri
901 1675 1280 1738 miserandaque
1317 1676 1452 1723 cultu

228 1757 453 1821 procedit
490 1759 798 1822 supplexque
836 1774 1012 1806 manus
1049 1759 1114 1806 ad
1151 1756 1293 1806 litora
1329 1756 1500 1806 tendit.

228 1839 531 1902 respicimus.
605 1838 712 1888 dira
748 1839 956 1888 inluvies
994 1838 1315 1902 immissaque
1351 1839 1519 1898 barba,

229 1929 513 1969 consertum
550 1920 767 1983 tegimen
804 1920 988 1983 spinis:
1025 1929 1076 1968 at
1113 1929 1275 1969 cetera
1312 1919 1501 1979 Graius,

229 2011 278 2051 et
311 2003 568 2065 quondam
604 1992 772 2064 patriis
808 2003 874 2050 ad
911 2000 1115 2049 Troiam
1152 2001 1329 2049 missus
1366 2000 1417 2049 in
1453 2000 1613 2049 armis.

229 2083 370 2146 isque
407 2082 494 2131 ubi
533 2082 814 2132 Dardanios
851 2082 1051 2131 habitus
1089 2091 1137 2131 et
1173 2082 1324 2131 Troia
1360 2081 1483 2132 vidit

227 2181 363 2213 arma
399 2166 584 2228 procul,
625 2166 829 2228 paulum
865 2174 1070 2228 aspectu
1107 2163 1398 2213 conterritus
1435 2162 1592 2212 haesit

228 2245 575 2308 continuitque
611 2247 819 2308 gradum
837 2264 850 2306 3
886 2262 1002 2294 mox
1038 2262 1146 2294 sese
1181 2246 1246 2294 ad
1282 2244 1424 2294 litora
1459 2261 1695 2309 praeceps

229 2344 344 2376 cum
381 2328 500 2375 fletu
536 2326 869 2390 precibusque
907 2327 1050 2376 tulit:
1088 2331 1202 2391 ‘per
1238 2326 1398 2377 sidera
1434 2335 1598 2386 testor,

223 2425 316 2472 -per
352 2424 557 2471 superos
593 2417 744 2472 atque
781 2410 878 2458 hoc
916 2408 1039 2458 caeli
1076 2408 1306 2473 spirabile
1342 2410 1524 2468 lumen,

230 2490 386 2539 tollite
422 2507 515 2550 me,
556 2493 600 2538 T
604 2490 740 2539 eucri-
757 2509 770 2551 ,·
806 2507 1147 2554 quascumque
1182 2490 1417 2540 abducite
1453 2499 1634 2540 terras:

229 2573 327 2620 hoc
365 2581 439 2619 sat
477 2571 579 2620 erit.
654 2572 757 2621 scio
796 2590 876 2621 me
915 2572 1102 2621 Danais
1140 2589 1167 2621 e
1204 2571 1442 2621 classibus
1478 2588 1636 2621 unum

230 2662 279 2702 et
314 2654 446 2702 bello
486 2653 664 2703 Iliacos
701 2656 857 2703 fateor
891 2654 1091 2717 petiisse
1126 2653 1330 2717 penatis.

231 2751 320 2798 pro
357 2751 470 2798 quo,
512 2734 551 2783 si
589 2734 783 2784 sceleris
821 2744 957 2783 tanta
993 2744 1066 2783 est
1103 2734 1277 2783 iniuria
1313 2734 1479 2794 nostri,

1820 388 1899 433 575

1824 787 1905 839 580

1824 1197 1902 1248 585

1824 2019 1902 2062 595

1763 2441 1765 2443 -
1825 2415 1907 2457 600

285 2867 477 2916 574-586
499 2865 651 2914 MPV;
683 2867 873 2916 587-604
894 2865 987 2904 MP
1212 2866 1291 2915 581
1326 2869 1458 2904 mutat
1478 2861 1701 2914 Μ“2Ρ’·γ’τι·1
1721 2861 1909 2914 agnoscit

231 2918 369 2960 Sem:
401 2926 531 2960 motat
550 2920 596 2972 7²
617 2920 731 2960 Serv.
754 2934 763 2958 ε
793 2925 926 2959 motet
947 2919 1054 2959 a²b⁰c
1161 2931 1242 2969 595
1273 2933 1355 2960 om.
1377 2935 1404 2958 π
1425 2919 1539 2958 uncis
1555 2916 1720 2956 secludit
1735 2916 1906 2956 Ribbeck

231 2975 312 3013 600
343 2975 554 3024 sperabile
577 2974 646 3012 Ml
758 2987 914 3014 numen
935 2973 1005 3012 Ml
1024 2988 1031 3012 :
1065 2986 1221 3013 nomen
1241 2973 1301 3012 Ρ1
1431 2975 1508 3012 601
1541 2972 1740 3012 adducite
1761 2969 1831 3010 Mi
