2014 3372
1336 145 1697 195 AENEIDOS
1733 145 1841 193 XII

175 283 504 349 nidoremque
538 285 768 334 ambusta
801 283 953 335 dedit.
1028 299 1175 347 super
1209 282 1315 347 ipse
1351 293 1548 333 secutus

179 366 443 415 caesariem
479 369 617 416 laeva
652 365 833 415 turbati
869 365 1067 429 corripit
1101 365 1257 414 hostis

179 446 519 511 impressoque
553 464 684 510 genu
719 446 881 496 nitens
917 456 1074 497 terrae
1107 447 1323 510 applicat
1358 446 1520 510 ipsum
1542 465 1557 507 3

180 528 252 576 sic
287 528 444 590 rigido
479 530 606 577 latus
642 545 761 577 ense
796 527 917 576 ferit.
992 527 1267 576 Podalirius
1303 529 1482 576 Alsum

181 617 428 672 pastorem
465 608 722 671 primaque
756 607 863 656 acie
898 625 986 671 per
1020 610 1118 656 tela
1152 617 1378 657 ruentem

181 706 300 738 ense
336 706 548 752 sequens
584 691 722 738 nudo
757 688 1166 751 superimminet3
1205 688 1287 738 ille
1324 689 1482 738 securi

142 820 145 822 ,
180 768 373 818 adversi
408 771 620 818 frontem
656 769 874 818 mediam
910 778 1234 832 mentumque
1268 772 1473 819 reducta

182 849 344 899 disicit
380 859 428 898 et
464 867 631 913 sparso
666 852 763 899 late
798 850 920 914 rigat
954 867 1090 899 arma
1125 868 1309 900 cruore.

182 931 268 980 olli
303 933 426 980 dura
460 932 598 995 quies
634 934 805 981 oculos
842 941 891 981 et
925 934 1108 981 ferreus
1143 941 1283 996 urget

183 1031 401 1074 somnus,
440 1014 492 1062 in
527 1024 778 1064 aeternam
814 1016 1112 1064 clauduntur
1145 1014 1335 1063 lumina
1369 1024 1584 1064 noctem.

250 1100 318 1145 At
353 1096 462 1159 pius
498 1099 694 1146 Aeneas
731 1098 952 1146 dextram
987 1097 1226 1146 tendebat
1260 1097 1501 1146 inermem

183 1179 372 1227 nudato
408 1178 568 1241 capite
603 1187 752 1241 atque
788 1195 903 1227 suos
939 1180 1154 1228 clamore
1187 1179 1427 1228 vocabat:

186 1264 197 1286 ‘
218 1276 317 1322 quo
353 1258 528 1307 ruitis?
575 1276 763 1322 quaeve
798 1259 890 1308 ista
925 1276 1101 1322 repens
1137 1259 1382 1308 discordia
1419 1258 1606 1323 surgit?

185 1357 216 1388 o
252 1339 482 1389 cohibete
517 1339 643 1388 iras!
692 1340 846 1389 ictum
881 1340 980 1389 iam
1015 1342 1192 1390 foedus
1228 1349 1277 1389 et
1313 1357 1486 1390 omnes

185 1421 489 1484 compositae
526 1424 671 1484 leges,
710 1421 833 1470 mihi
868 1421 943 1470 ius
979 1438 1269 1471 concurrere
1305 1421 1411 1481 soli,

185 1519 265 1550 me
301 1501 444 1550 sinite
479 1511 628 1565 atque
663 1503 850 1551 auferte
885 1511 1046 1551 metus
1062 1521 1077 1563 3
1118 1518 1210 1565 ego
1245 1503 1446 1551 foedera
1479 1504 1592 1551 faxo

185 1585 325 1631 firma
360 1600 523 1642 manu,
563 1585 789 1631 Turnum
826 1583 1012 1632 debent
1047 1584 1170 1631 haec
1206 1582 1304 1630 iam
1341 1582 1463 1631 mihi
1499 1585 1666 1632 sacra.'

185 1665 273 1712 has
310 1664 435 1712 inter
470 1680 631 1723 voces,
671 1663 837 1712 media
871 1663 997 1712 inter
1032 1663 1147 1712 talia
1181 1664 1331 1713 verba

187 1761 303 1793 ecce
338 1744 441 1792 viro
478 1744 688 1793 stridens
723 1744 813 1792 alis
849 1746 1052 1807 adlapsa
1087 1744 1262 1808 sagitta
1296 1753 1381 1804 est,

186 1823 428 1872 incertum
467 1841 564 1886 qua
600 1826 742 1887 pulsa
778 1841 941 1883 manu,
982 1841 1082 1887 quo
1118 1824 1314 1874 turbine
1349 1826 1542 1885 adacta,

186 1904 295 1967 quis
331 1914 519 1953 tantam
557 1904 754 1953 Rutulis
790 1906 1005 1964 laudem,
1044 1922 1251 1954 casusne
1287 1907 1490 1966 deusne,

186 1985 433 2045 attulerit3
479 2002 647 2048 pressa
683 1994 756 2034 est
791 1985 994 2048 insignis
1029 1985 1182 2047 gloria
1215 1986 1344 2046 facti,

187 2082 279 2114 nec
316 2082 423 2114 sese
457 2068 659 2114 Aeneae
696 2065 893 2114 iactavit
928 2067 1128 2115 vulnere
1164 2066 1439 2129 quisquam.

187 2150 384 2196 Turnus
421 2156 474 2195 ut
511 2150 717 2195 Aenean
755 2149 1017 2196 cedentem
1053 2164 1112 2196 ex
1147 2147 1343 2209 agmine
1377 2147 1501 2197 vidit

187 2229 508 2292 turbatosque
544 2229 709 2287 duces,
753 2227 916 2276 subita
951 2245 1039 2291 spe
1074 2228 1288 2277 fervidus
1324 2230 1463 2278 ardet
1480 2246 1494 2289 3

187 2310 347 2372 poscit
383 2326 537 2372 equos
573 2318 722 2373 atque
760 2326 896 2357 arma
932 2308 1090 2367 simul,
1131 2311 1357 2372 saltuque
1393 2309 1633 2372 superbus

188 2390 366 2438 emicat
401 2391 452 2438 in
486 2407 684 2438 currum
722 2400 770 2441 et
807 2390 1037 2439 manibus
1074 2389 1273 2439 molitur
1308 2390 1540 2439 habenas.

189 2473 343 2520 multa
377 2471 533 2520 virum
570 2472 778 2521 volitans
815 2474 900 2520 dat
935 2472 1078 2520 fortia
1114 2489 1319 2535 corpora
1353 2474 1467 2532 leto,

189 2552 448 2601 seminecis
484 2553 636 2601 volvit
673 2554 854 2601 multos
890 2562 975 2601 aut
1010 2552 1209 2615 agmina
1243 2569 1386 2601 curru

189 2633 390 2696 proterit
424 2642 509 2682 aut
545 2642 706 2696 raptas
743 2633 1044 2696 fugientibus
1082 2633 1257 2696 ingerit
1293 2636 1470 2682 hastas,

191 2713 346 2776 qualis
382 2715 516 2776 apud
552 2713 702 2775 gelidi
738 2730 852 2762 cum
888 2714 1094 2762 flumina
1128 2713 1353 2763 concitus
1392 2713 1553 2762 Hebri

1763 627 1841 668 305

1766 1034 1848 1075 310

1770 1442 1848 1482 3¹5

1774 1845 1854 1884 320

1771 2249 1848 2290 325

1774 2653 1852 2694 330

244 2854 430 2891 301-331
455 2840 586 2880 MPR
805 2854 882 2891 304
912 2842 1023 2881 feret
1043 2842 1184 2893 M1722
1216 2843 1335 2892 pedit
1355 2842 1398 2880 P
1550 2855 1632 2891 310
1662 2843 1851 2881 condun-

190 2901 260 2935 tur
279 2896 322 2934 P
336 2895 709 2947 Rottendorphiam‘
732 2894 829 2947 duo,
852 2897 1031 2947 praefert
1057 2895 1227 2935 Ribbeck
1465 2909 1543 2946 311
1577 2898 1760 2935 inertem
1781 2896 1835 2933 M
1838 2897 1851 2918 ²

191 2961 272 3000 313
301 2948 485 3001 quaeve]
506 2963 644 2999 quove
664 2949 728 2988 Rc
889 2963 965 3000 321
998 2963 1067 2989 -ve
1087 2980 1097 2990 .
1120 2979 1131 2990 .
1156 2980 1165 2990 .
1190 2963 1259 2988 —ve
1281 2947 1329 2987 M
1493 2962 1576 3000 330
1604 2949 1697 3002 aut]
1718 2956 1762 2989 et
1781 2950 1824 2989 R
