2014 3372
230 161 281 212 P.
322 162 620 211 VERGILI
660 163 985 213 MARONIS

225 300 499 364 aspiceret;
537 302 718 352 Teucri
755 303 1011 366 potiuntur
1048 320 1253 368 corpore
1289 313 1338 355 et
1372 305 1533 356 armis.

226 382 513 433 exscindine
550 385 729 434 domos
768 384 839 448 (id
880 385 1026 434 rebus
1063 386 1220 435 defuit
1258 386 1434 451 unum)

225 463 480 527 perpetiar,
522 466 691 514 dextra
728 483 822 515 nec
860 466 1070 515 Drancis
1108 467 1241 516 dicta
1277 470 1537 518 refellam?

224 554 358 609 terga
383 547 515 596 dabo
544 556 592 596 et
618 550 844 597 Turnum
871 548 1143 612 fugientem
1169 551 1292 598 haec
1317 559 1443 599 terra
1467 549 1692 600 videbit?
1816 559 1895 614 645

223 643 380 689 usque
416 629 611 678 adeone
647 629 772 678 mori
810 629 1043 679 miserum
1081 633 1194 679 est?
1240 648 1328 680 vos
1364 648 1395 680 o
1433 630 1567 691 mihi,
1609 634 1802 693 Manes,

222 718 325 758 este
363 710 495 770 boni,
538 711 774 774 quoniam
814 713 1002 776 superis
1038 730 1208 763 aversa
1243 715 1484 764 voluntas.

221 800 391 840 sancta
427 793 491 840 ad
528 809 616 842 vos
652 793 818 842 anima
853 804 1003 858 atque
1040 794 1179 844 istius
1216 796 1382 844 nescia
1419 797 1593 859 culpae

220 873 524 922 descendam
561 892 853 939 magnorum
891 877 1026 925 haud
1062 893 1302 939 umquam
1338 876 1569 941 indignus
1605 893 1824 927 avorum.

286 956 382 1003 Vix
419 973 476 1004 ea
513 958 641 1006 fatus
678 967 791 1016 erat,
832 957 1023 1007 medios
1059 960 1192 1006 volat
1229 974 1346 1007 ecce
1381 974 1468 1022 per
1503 957 1659 1007 hostis
1811 966 1905 1018 650Δ

217 1046 387 1086 vectus
425 1055 556 1101 equo
593 1049 855 1102 spumante
893 1041 1054 1099 SaceS,
1094 1041 1300 1088 adversa
1335 1038 1509 1103 sagitta

217 1120 412 1169 saucius
450 1137 548 1180 ora,
587 1119 782 1183 ruitque
819 1120 1088 1183 implorans
1124 1119 1328 1169 nomine
1364 1122 1620 1169 Turnum:

221 1206 428 1263 ‘Turne,
470 1203 520 1251 in
557 1212 606 1252 te
643 1220 873 1266 suprema
909 1205 1054 1263 saluS,
1093 1203 1323 1252 miserere
1359 1212 1570 1252 tuorum.

215 1285 443 1333 fulminat
479 1287 677 1334 Aeneas
715 1284 862 1333 armis
900 1301 1220 1348 summasque
1257 1284 1471 1333 minatur

215 1367 523 1416 deiecturum
559 1383 695 1415 arces
736 1368 919 1415 Italum
957 1366 1254 1429 excidioque
1290 1367 1535 1426 daturum,
1808 1373 1887 1427 655

213 1447 412 1511 iamque
449 1450 581 1497 faces
617 1449 682 1496 ad
720 1456 850 1496 tecta
885 1449 1066 1496 volant.
1141 1447 1192 1495 in
1229 1456 1277 1496 te
1314 1464 1399 1495 ora
1436 1446 1614 1506 Latini,
1939 1432 1942 1435 .

212 1529 263 1578 in
301 1539 349 1580 te
386 1532 558 1579 oculos
595 1531 845 1589 referunt,·
893 1537 1081 1577 mussat
1117 1545 1200 1577 rex
1235 1528 1342 1591 ipse
1379 1528 1584 1577 Latinus

213 1629 338 1676 quos
375 1628 581 1675 generos
620 1620 764 1660 vocet
799 1619 884 1659 aut
922 1627 1052 1674 quae
1089 1626 1196 1659 sese
1231 1611 1297 1658 ad
1332 1611 1534 1658 foedera
1569 1611 1747 1659 flectat.

211 1702 463 1757 praeterea
499 1692 679 1755 regina,
719 1691 791 1740 tui
828 1691 1080 1752 fidissima,
1121 1693 1291 1740 dextra

211 1775 394 1825 occidit
431 1774 537 1838 ipsa
574 1791 662 1823 sua
704 1775 969 1837 lucemque
1006 1772 1231 1822 exterrita
1266 1771 1401 1835 fugit.
1805 1778 1900 1821 660-

211 1855 301 1905 soli
338 1873 427 1920 pro
465 1855 616 1919 portis
657 1857 920 1917 Messapus
957 1863 1006 1903 et
1041 1871 1153 1903 acer
1189 1853 1365 1902 Atinas

210 1946 487 1987 sustentant
524 1936 668 1985 acies.
744 1935 930 1985 circum
969 1937 1060 1984 hos
1103 1935 1350 1998 utrimque
1386 1936 1656 1998 phalanges

209 2028 341 2068 stant
377 2020 562 2068 densae
599 2016 878 2080 strictisque
915 2033 1054 2079 seges
1091 2015 1411 2065 mucronibus
1448 2017 1613 2064 horret

208 2102 394 2150 ferrea:
449 2109 501 2148 tu
538 2116 734 2148 currum
779 2099 975 2147 deserto
1013 2097 1063 2145 in
1100 2096 1319 2161 gramine
1355 2098 1549 2145 versas.’

208 2181 448 2244 obstipuit
485 2180 616 2229 varia
653 2182 887 2229 confusus
924 2179 1139 2242 imagine
1175 2196 1335 2228 rerum
1801 2184 1880 2238 665

208 2266 406 2312 Turnus
445 2272 493 2312 et
529 2263 707 2311 obtutu
744 2261 894 2310 tacito
932 2260 1095 2322 stetit3
1142 2269 1333 2309 aestuat
1370 2259 1542 2323 ingens

207 2362 310 2395 uno
346 2345 397 2393 in
435 2346 584 2394 corde
620 2345 782 2407 pudor
820 2342 1075 2406 mixtoque
1112 2341 1302 2392 insania
1338 2344 1474 2391 luctu

206 2436 256 2476 et
292 2425 426 2475 furiis
462 2425 672 2489 agitatus
708 2442 847 2474 amor
884 2434 932 2473 et
969 2423 1169 2473 conscia
1204 2424 1367 2472 virtus.

207 2517 260 2557 ut
296 2507 510 2571 primum
547 2506 799 2556 discussae
837 2507 1042 2555 umbrae
1080 2515 1128 2554 et
1165 2507 1247 2554 lux
1282 2503 1475 2554 reddita
1510 2500 1679 2565 menti,

205 2588 421 2639 ardentis
459 2591 715 2637 oculorum
757 2587 889 2637 orbis
925 2589 990 2637 ad
1027 2586 1227 2636 moenia
1261 2585 1400 2635 torsit
1797 2588 1878 2640 670

206 2670 431 2720 turbidus
469 2688 595 2734 eque
632 2671 750 2720 rotis
788 2686 1018 2733 magnam
1055 2667 1266 2731 respexit
1300 2668 1365 2715 ad
1401 2665 1587 2713 urbem.

275 2755 408 2801 Ecce
444 2761 611 2801 autern
650 2751 861 2800 flammis
899 2750 1025 2798 inter
1061 2750 1280 2798 tabulata
1315 2748 1511 2795 volutus

260 2883 451 2932 642-650
471 2881 628 2931 MPR3
659 2881 847 2931 651-667
872 2879 983 2927 MP;
1013 2879 1206 2927 668-672
1227 2876 1362 2916 MPV
1584 2875 1663 2923 647
1695 2871 1874 2910 adversa

205 2935 258 2973 M
262 2936 327 2986 ί’γὸ
449 2938 530 2985 648
561 2935 705 2975 nescia
726 2934 1006 2986 Menagianus
1029 2934 1137 2982 alter,
1166 2932 1381 2972 Gothanus
1410 2929 1570 2970 tertius:
1603 2925 1738 2965 inscia
1767 2921 1875 2962 ceteri

203 2990 317 3030 Serv.
343 2990 576 3030 Macrobius
601 2988 785 3041 Wagner
947 2989 1028 3027 662
1055 2988 1190 3026 aciem
1209 2986 1294 3026 Pbc
