2020 3372
215 119 267 165 P.
312 118 612 166 VERGILI
652 119 978 168 MARONIS

213 264 328 304 sunt
364 255 458 316 alii,
500 273 626 319 quos
662 256 768 320 ipse
804 257 882 305 via
918 257 1014 307 sibi
1051 258 1264 322 repperit
1300 276 1432 308 usus.

213 335 294 385 hic
331 339 523 400 plantas
561 348 732 386 tenero
770 338 1071 388 abscindens
1111 342 1174 389 de
1211 357 1418 404 corpore
1455 351 1668 391 matrum
1713 362 1717 365 ·

213 419 445 482 deposuit
482 420 644 479 sulcis,
684 419 765 468 hic
803 420 977 483 stirpes
1020 421 1184 470 obruit
1220 439 1338 471 arvo

213 499 616 563 quadrifidasque
653 502 801 549 sudes
840 511 888 549 et
925 512 1074 551 acuto
1112 503 1290 551 robore
1327 505 1495 553 vallos.
1848 527 1896 568 25

212 582 544 643 silvarumque
579 581 705 630 aliae
741 599 936 644 pressos
977 583 1260 647 propaginis
1297 601 1439 633 arcus

212 671 500 724 exspectant
536 671 585 710 et
620 662 730 711 viva
767 680 856 712 sua
892 664 1133 728 plantaria
1172 673 1310 714 terra.

211 742 281 791 nil
317 743 494 792 radicis
530 753 678 807 egent
713 744 837 793 aliae
879 762 1232 810 summumque
1269 756 1468 809 putator

211 825 348 873 haud
383 824 579 872 dubitat
615 835 771 874 terrae
807 828 1021 875 referens
1065 829 1301 876 mandare
1338 845 1593 879 cacumen.

211 906 334 968 quin
370 916 418 955 et
455 906 746 956 caudicibus
783 908 929 957 sectis
970 908 1215 973 (mirabile
1253 909 1412 975 dictu)
1847 927 1899 967 30

211 986 423 1036 truditur
459 1004 486 1036 e
523 987 657 1037 sicco
694 989 832 1038 radix
869 990 1095 1053 oleagina
1133 990 1280 1054 ligno.

211 1078 260 1117 et
296 1086 444 1132 saepe
480 1070 679 1119 alterius
716 1088 880 1120 ramos
917 1071 1124 1135 impune
1160 1072 1387 1122 videmus

210 1160 398 1200 vertere
434 1151 486 1199 in
521 1152 734 1212 alterius,
776 1162 1118 1216 mutatamque
1153 1153 1301 1202 insita
1337 1156 1467 1203 mala

211 1233 335 1281 ferre
371 1232 534 1295 pirum
573 1242 621 1281 et
656 1233 827 1296 prunis
864 1233 1091 1297 lapidosa
1128 1235 1389 1284 rubescere
1426 1252 1590 1286 corna.

283 1315 451 1375 Quare
487 1314 617 1377 agite
654 1332 685 1364 o
720 1315 945 1379 proprios
981 1316 1253 1379 generatim
1290 1316 1466 1366 discite
1503 1320 1679 1380 cultus,
1842 1340 1894 1382 35

210 1396 468 1459 agricolae,
509 1399 797 1461 fructusque
834 1400 962 1447 feros
1001 1398 1190 1447 mollite
1227 1401 1456 1459 colendo,

211 1495 310 1527 neu
348 1495 523 1541 segnes
562 1478 755 1527 iaceant
791 1489 959 1528 terrae.
1033 1479 1168 1528 iuvat
1206 1482 1395 1528 Ismara
1434 1483 1637 1532 Baccho

211 1576 470 1608 conserere
507 1570 658 1623 atque
695 1562 806 1609 olea
841 1577 1077 1623 magnum
1113 1560 1290 1610 vestire
1328 1562 1636 1613 Taburnum.

211 1650 366 1703 tuque
403 1642 523 1690 ades
561 1641 918 1705 inceptumque
954 1659 1054 1690 una
1089 1644 1296 1692 decurre
1332 1644 1568 1705 laborem,

212 1740 242 1771 o
280 1724 448 1783 decus,
489 1740 520 1772 o
556 1725 718 1772 famae
755 1723 931 1773 merito
967 1741 1079 1787 pars
1116 1725 1331 1773 maxima
1366 1735 1576 1787 nostrae,
1841 1750 1897 1790 40

213 1807 497 1864 Maecenas,
538 1807 816 1869 pelagoque
851 1807 1023 1854 volans
1061 1807 1126 1855 da
1160 1808 1269 1855 vela
1305 1807 1506 1870 patenti.

210 1903 314 1935 non
351 1904 443 1949 ego
481 1896 661 1935 cuncta
697 1887 820 1936 meis
856 1888 1092 1950 amplecti
1127 1888 1348 1938 versibus
1386 1899 1520 1953 opto,

210 1985 327 2028 non,
368 1969 490 2017 mihi
526 1968 567 2017 si
603 1969 799 2032 linguae
836 1979 1039 2018 centum
1076 1970 1174 2018 sint
1212 1988 1397 2034 oraque
1436 1982 1652 2034 centum,

209 2052 364 2098 ferrea
400 2067 506 2098 vox.
580 2052 699 2099 ades
737 2059 786 2099 et
820 2050 967 2113 primi
1002 2052 1110 2113 lege
1148 2050 1301 2101 litoris
1339 2070 1477 2102 oram
1495 2074 1509 2115 3

210 2131 262 2179 in
299 2131 528 2180 manibus
565 2141 748 2180 terrae:
792 2148 895 2180 non
931 2131 1014 2180 hic
1050 2142 1098 2180 te
1136 2133 1354 2183 carmine
1391 2138 1509 2193 ficto
1840 2159 1892 2199 45

209 2222 360 2275 atque
395 2230 483 2275 per
517 2214 751 2276 ambages
789 2223 838 2262 et
873 2216 1022 2277 longa
1060 2232 1232 2264 exorsa
1271 2219 1468 2268 tenebo.
1862 2214 1871 2218 ’

279 2296 468 2357 Sponte
505 2311 594 2343 sua
629 2312 757 2357 quae
794 2312 846 2343 se
882 2298 1063 2345 tollunt
1100 2298 1152 2346 in
1190 2300 1391 2349 luminis
1429 2318 1551 2361 oras,

210 2377 480 2426 infecunda
516 2377 735 2440 quidem,
775 2379 864 2426 sed
900 2381 1028 2428 laeta
1067 2392 1115 2430 et
1153 2384 1298 2433 fortia
1337 2394 1541 2447 surgunt
1549 2403 1563 2445 5

211 2458 397 2521 quippe
431 2461 538 2507 solo
571 2468 745 2507 natura
778 2461 960 2510 subest.
1038 2475 1206 2515 tamen
1239 2468 1364 2515 haec
1398 2483 1614 2529 quoque,
1642 2464 1682 2515 si
1715 2464 1826 2529 quis

211 2540 393 2589 inserat
428 2551 513 2589 aut
550 2542 808 2592 scrobibus
847 2549 1051 2597 mandet
1091 2558 1280 2598 mutata
1318 2548 1549 2608 subactis,
1841 2568 1895 2608 50

212 2621 434 2671 exuerint
471 2623 742 2675 silvestrem
778 2630 1016 2690 animum,
1059 2632 1296 2693 cultuque
1332 2629 1578 2692 frequenti

212 2704 263 2752 in
301 2723 642 2772 quascumque
678 2712 814 2760 voles
850 2712 966 2760 artis
1004 2714 1140 2761 haud
1178 2713 1317 2760 tarda
1353 2720 1634 2775 sequentur.

268 2853 405 2889 22—52
426 2840 476 2878 M
734 2855 787 2881 22
810 2842 880 2881 alii
899 2855 1008 2892 quos
1029 2842 1121 2888 ipse
1142 2842 1217 2880 abc
1235 2840 1566 2880 Canonicianus:
1594 2839 1666 2879 alii
1676 2852 1784 2889 quos
1800 2839 1893 2886 ipsa

214 2909 267 2944 γε
318 2895 398 2934 alie
436 2910 544 2946 quos
583 2896 677 2935 Ml:
727 2897 835 2936 aliae
874 2910 979 2946 quas
1012 2895 1106 2934 M2:
1156 2897 1281 2946 aliae,
1316 2909 1422 2945 quas
1462 2895 1555 2945 ipse
1587 2895 1677 2933 vias
1708 2893 1895 2945 Scaliger

214 2949 378 2988 editores
394 2952 582 3013 'plerique
791 2965 842 3000 41
875 2953 978 2991 dare
1006 2951 1261 3002 Peerlkamp,
1295 2951 1370 3000 qui
1397 2950 1508 2988 hunc
1534 2962 1699 2988 versum
1718 2953 1816 3000 post
1838 2961 1892 2997 42

216 3004 416 3044 collocamt
580 3019 631 3056 47
662 3019 787 3046 auras
807 3005 996 3057 M²7²abc
1135 3017 1188 3055 52
1216 3017 1347 3044 voces
1368 3003 1487 3056 ¹y¹abc
