2014 3372
1360 152 1505 200 AEN
1510 152 1721 202 EIDOS
1760 150 1837 202 IX

168 292 321 352 ‘quos
357 288 478 337 alios
514 305 695 349 muros,
734 305 862 352 quae
898 289 997 338 iam
1033 291 1159 338 ultra
1194 289 1393 338 moenia
1428 291 1660 340 habetis?

164 387 292 418 unus
329 372 482 419 homo
518 379 567 419 et
600 370 786 430 vestris,
826 388 857 420 o
893 371 1038 431 cives,
1077 371 1300 434 undique
1335 381 1534 435 saeptus

162 451 418 514 aggeribus
455 461 615 500 tantas
650 461 833 515 strages
869 452 1074 515 impune
1108 469 1195 516 per
1230 453 1404 501 urbem

162 531 409 581 ediderit?
455 532 691 582 iuvenum
726 532 912 596 primos
949 542 1022 582 tot
1057 532 1242 581 miserit
1280 534 1413 582 Orco
1433 536 1455 581 ?

161 629 265 661 non
299 612 506 662 infelicis
542 614 729 677 patriae
762 623 1084 677 veterumque
1119 616 1327 663 deorum

160 703 210 741 et
246 693 411 757 magni
445 697 661 755 Aeneae,
702 712 891 758 segnes,
930 695 1226 758 miseretque
1261 698 1581 758 pudetque?'

160 773 340 841 talibus
375 775 573 824 accensi
607 777 863 824 firmantur
897 785 947 825 et
981 776 1178 840 agmine
1213 778 1372 825 denso

159 855 447 904 consistunt.
521 859 720 905 Turnus
755 856 993 920 paulatim
1030 858 1267 906 excedere
1303 874 1469 921 pugna

158 945 208 983 et
245 936 449 985 fluvium
485 946 652 1000 petere
687 954 746 986 ac
782 947 971 1001 partem
1007 955 1135 1001 quae
1171 937 1382 1000 cingitur
1417 940 1565 987 unda.

155 1016 314 1065 acrius
351 1019 448 1066 hoc
486 1018 668 1067 Teucri
703 1021 919 1067 clamore
953 1019 1242 1068 incumbere
1278 1036 1459 1082 magno

156 1107 205 1145 et
239 1100 509 1161 glomerare
545 1117 761 1159 manum,
802 1117 894 1149 ceu
929 1117 1131 1149 saevum
1167 1101 1311 1149 turba
1345 1103 1543 1150 leonem

157 1195 271 1227 cum
308 1179 415 1228 telis
451 1181 628 1244 premit
664 1181 895 1231 infensis:
943 1192 993 1230 at
1029 1182 1220 1231 territus
1256 1182 1351 1243 ille,

153 1277 308 1322 asper,
348 1263 526 1310 acerba
561 1271 718 1322 tuens,
758 1272 886 1312 retro
922 1262 1047 1312 redit
1084 1272 1132 1311 et
1168 1280 1331 1327 neque
1366 1272 1500 1327 terga

154 1341 224 1390 ira
259 1344 377 1391 dare
412 1353 496 1392 aut
531 1343 682 1392 virtus
720 1344 914 1408 patitur,
954 1361 1047 1393 nec
1082 1346 1287 1393 tendere
1324 1354 1495 1393 contra

154 1422 235 1471 ille
272 1423 476 1485 quidem
512 1426 610 1473 hoc
645 1425 850 1488 cupiens
886 1425 1015 1488 potis
1053 1434 1126 1474 est
1162 1442 1249 1488 per
1284 1427 1381 1474 tela
1416 1426 1656 1490 virosque.

153 1505 287 1553 haud
323 1505 462 1554 aliter
496 1515 625 1555 retro
661 1506 843 1555 dubius
879 1506 1083 1570 vestigia
1118 1509 1317 1555 Turnus

152 1585 481 1649 improperata
516 1589 660 1636 refert
695 1596 744 1636 et
780 1604 921 1635 mens
958 1596 1208 1636 exaestuat
1243 1586 1344 1648 ira.>

152 1666 272 1728 quin
309 1667 457 1716 etiam
493 1668 569 1716 bis
607 1677 712 1716 tum
749 1668 941 1717 medios
978 1668 1219 1717 invaserat
1255 1667 1425 1728 hostis,

150 1747 226 1796 bis
263 1751 468 1797 confusa
503 1752 617 1813 fuga
652 1767 739 1813 per
774 1766 940 1798 muros
975 1749 1172 1813 agmina
1207 1749 1348 1798 vertit
1366 1768 1379 1809 ,-

151 1831 239 1878 sed
276 1847 452 1879 manus
490 1848 517 1879 e
554 1831 723 1880 castris
759 1848 967 1894 propere
1005 1831 1103 1880 coit
1140 1830 1302 1879 omnis
1339 1831 1390 1879 in
1426 1848 1583 1880 unum

149 1928 242 1960 nec
279 1922 450 1961 contra
484 1912 597 1961 viris
633 1914 784 1962 audet
820 1912 1047 1961 Saturnia
1084 1915 1213 1961 Iuno

149 1994 370 2043 sufficere
388 2013 402 2055 3
447 1994 629 2043 aeriam
666 1996 804 2043 caelo
840 2011 957 2042 nam
996 1993 1219 2057 Iuppiter
1256 1993 1375 2041 Irim

149 2074 347 2122 demisit
383 2091 645 2137 germanae
681 2076 817 2123 haud
853 2074 1021 2122 mollia
1056 2073 1189 2122 iussa
1224 2076 1477 2134 ferentem,

148 2154 199 2201 ni
235 2157 432 2204 Turnus
471 2157 615 2204 cedat
651 2158 959 2204 Teucrorum
995 2154 1258 2203 moenibus
1294 2153 1417 2202 altis.

147 2251 262 2298 ergo
299 2253 392 2284 nec
429 2236 589 2300 clipeo
626 2235 816 2284 iuvenis
854 2235 1118 2284 subsistere
1154 2244 1347 2283 tantum

147 2333 239 2365 nec
277 2318 445 2366 dextra
480 2319 622 2377 valet,
662 2316 854 2365 iniectis
891 2315 961 2364 sic
998 2315 1220 2378 undique
1256 2314 1364 2363 telis

147 2397 381 2446 obruitur.
455 2398 625 2461 strepit
659 2397 871 2447 adsiduo
908 2414 1027 2446 cava
1063 2406 1286 2460 tempora
1322 2394 1507 2443 circum

146 2477 326 2527 tinnitu
361 2480 500 2541 galea
536 2488 585 2527 et
620 2478 746 2527 saxis
783 2478 942 2527 solida
976 2495 1088 2526 aera
1124 2476 1356 2525 fatiscunt

145 2558 496 2621 discussaeque
532 2559 691 2618 iubae,
733 2558 882 2621 capiti
919 2575 1011 2606 nec
1049 2557 1226 2606 sufficit
1262 2557 1417 2605 umbo

144 2638 323 2687 ictibus
341 2658 354 2699 3
400 2639 707 2702 ingeminant
742 2638 894 2687 hastis
931 2648 979 2687 et
1015 2641 1171 2687 Troes
1208 2647 1256 2686 et
1292 2637 1398 2700 ipse

144 2719 408 2769 fulmineus
447 2722 754 2769 Mnestheus.
830 2730 935 2769 tum
972 2730 1078 2769 toto
1114 2736 1320 2782 corpore
1357 2720 1506 2768 sudor

143 2800 344 2865 liquitur
380 2810 428 2850 et
463 2801 661 2864 piceum
695 2799 809 2864 (nec
848 2800 1082 2864 respirare
1117 2799 1358 2863 potestas)

1751 957 1830 1000 790

1749 1363 1823 1409 795

1743 1760 1825 1799 800

1741 2165 1818 2215 805

1736 2567 1818 2605 810

200 2931 386 2979 782—813
407 2929 539 2968 MPR
777 2930 854 2979 782
883 2942 1046 2978 quaeve
1069 2929 1178 2968 ultra
1198 2927 1307 2978 P7¹c
1471 2927 1551 2975 786
1581 2939 1725 2966 nonne
1745 2926 1799 2965 M
1800 2928 1813 2948 ²

146 2983 225 3034 789
256 2997 425 3034 pugnae
445 2984 526 3024 PR
693 2996 773 3034 793
804 2984 863 3035 at]
886 2997 935 3022 ae
955 2983 1048 3021 MR
