2014 3372
249 168 301 215 P.
343 167 643 215 VERGILI
682 165 1008 214 MARONIS

246 305 363 355 inde
401 307 621 364 domum,
663 305 704 353 si
740 306 866 353 forte
901 305 1098 367 pedem,
1139 303 1179 352 si
1215 305 1340 352 forte
1377 303 1580 364 tulisset,

246 405 327 436 me
364 390 553 436 refero:
591 387 841 435 inruerant
880 385 1043 434 Danai
1080 395 1128 434 et
1164 395 1352 434 tectum
1390 403 1540 435 omne
1577 387 1828 436 tenebant.

243 468 377 517 ilicet
413 468 537 532 ignis
575 469 702 516 edax
739 483 934 516 summa
968 468 1033 515 ad
1069 466 1262 530 fastigia
1296 477 1446 515 vento

241 549 487 609 volvitur,·
536 557 831 611 exsuperant
867 550 1111 607 flammae,
1151 547 1266 596 furit
1301 557 1466 596 aestus
1503 549 1568 598 ad
1603 565 1757 597 auras.

240 632 460 693 procedo
498 640 547 679 et
585 630 767 679 Priami
803 631 947 678 sedes
984 646 1251 692 arcemque
1286 629 1478 679 reviso:
1843 637 1921 690 760

239 721 286 760 et
324 711 422 760 iam
461 712 733 775 porticibus
770 711 938 760 vacuis
977 710 1186 759 Iunonis
1222 713 1359 773 asylo
1517 726 1519 728 ·

238 796 472 843 custodes
511 794 625 843 lecti
664 793 889 843 Phoenix
925 802 973 842 et
1010 793 1144 842 dirus
1181 792 1350 841 Vlixes

236 877 474 938 praedam
511 876 853 924 adservabant.
929 876 1028 923 huc
1064 873 1289 937 undique
1325 874 1476 922 Troia
1511 890 1628 938 gaza

234 957 451 1006 incensis
489 967 657 1021 erepta
692 957 865 1020 adytis,
907 973 1211 1019 mensaeque
1248 958 1457 1005 deorum

238 1050 548 1104 crateresque
583 1058 705 1089 auro
743 1041 901 1101 solidi,
943 1041 1238 1105 captivaque
1274 1041 1422 1090 vestis
1836 1050 1912 1105 765

234 1123 525 1186 congeritur.
600 1123 739 1186 pueri
776 1133 824 1172 et
860 1124 1069 1187 pavidae
1106 1125 1256 1186 longo
1294 1122 1468 1172 ordine
1506 1132 1685 1172 matres

233 1214 363 1253 stant
401 1205 600 1253 circum.

231 1303 379 1334 ausus
417 1285 538 1349 quin
576 1285 725 1335 etiam
762 1303 910 1335 voces
948 1285 1129 1334 iactare
1165 1302 1253 1348 per
1288 1286 1517 1334 umbram

229 1369 431 1432 implevi
468 1371 684 1418 clamore
719 1369 835 1428 vias,
877 1378 1195 1431 maestusque
1233 1369 1474 1418 Creusam
1563 1431 1566 1434 .

229 1451 535 1514 nequiquam
573 1451 883 1514 ingeminans
921 1451 1200 1513 iterumque
1235 1450 1514 1513 iterumque
1549 1448 1735 1498 vocavi.
1829 1465 1910 1510 770

229 1529 486 1594 quaerenti
524 1542 571 1581 et
604 1532 749 1580 tectis
786 1532 920 1580 urbis
959 1531 1064 1580 sine
1101 1533 1201 1580 fine
1236 1531 1397 1580 ruenti

225 1613 395 1662 infelix
432 1614 749 1662 simulacrum
785 1623 935 1677 atque
971 1612 1124 1677 ipsius
1161 1613 1338 1661 umbra
1374 1614 1591 1662 Creusae

226 1695 329 1744 visa
367 1694 488 1743 mihi
524 1704 639 1743 ante
676 1696 847 1743 oculos
886 1704 934 1743 et
970 1703 1090 1743 nota
1126 1693 1282 1742 maior
1318 1693 1494 1756 imago.

227 1777 458 1841 obstipui,
499 1786 839 1840 steteruntque
878 1794 1052 1825 comae
1090 1785 1138 1824 et
1174 1793 1269 1824 vox
1305 1775 1531 1824 faucibus
1567 1774 1735 1824 haesit.

225 1869 331 1908 tum
369 1860 439 1908 sic
474 1859 629 1908 adfari
666 1868 714 1907 et
751 1876 890 1907 curas
928 1859 1003 1907 his
1041 1860 1242 1908 demere
1279 1857 1454 1906 dictis:
1821 1874 1900 1919 775

227 1942 379 2005 ‘quid
416 1951 609 1990 tantum
645 1941 821 1989 insano
857 1940 991 1989 iuvat
1027 1940 1284 2003 indulgere
1317 1938 1491 1998 dolori,

222 2041 252 2072 o
292 2024 450 2072 dulcis
489 2022 742 2072 coniunx?
789 2039 891 2071 non
929 2024 1052 2071 haec
1090 2022 1195 2070 sine
1232 2021 1439 2069 numine
1475 2020 1645 2069 divum

222 2107 456 2155 eveniunt
474 2125 486 2166 3
534 2123 628 2154 nec
665 2115 713 2154 te
749 2105 866 2153 hinc
903 2105 1138 2153 comitem
1175 2114 1425 2168 asportare
1463 2106 1702 2154 Creusam

218 2189 303 2247 fas,
346 2197 430 2236 aut
467 2188 547 2236 ille
585 2187 699 2236 sinit
735 2187 898 2250 superi
935 2197 1162 2250 regnator
1198 2187 1413 2250 Olympi.

217 2274 366 2335 longa
404 2271 494 2320 tibi
531 2271 698 2320 exsilia
735 2280 783 2319 et
819 2280 1013 2319 vastum
1051 2271 1198 2320 maris
1235 2288 1422 2334 aequor
1456 2272 1712 2330 arandum,
1817 2278 1898 2330 780

215 2364 263 2403 et
301 2364 479 2403 terram
519 2354 815 2418 Hesperiam
852 2355 1035 2415 venies,
1075 2355 1161 2404 ubi
1199 2355 1385 2418 Lydius
1421 2371 1536 2403 arva

213 2438 340 2486 inter
377 2438 544 2501 opima
580 2438 737 2487 virum
775 2438 874 2487 leni
911 2439 1018 2487 fluit
1055 2440 1252 2504 agmine
1289 2438 1532 2502 Thybris:

212 2518 309 2567 illic
346 2537 421 2568 res
460 2522 616 2568 laetae
655 2537 962 2585 regnumque
1001 2532 1049 2571 et
1087 2522 1218 2586 regia
1254 2521 1471 2571 coniunx

210 2611 348 2664 parta
384 2602 473 2650 tibi
490 2621 503 2663 3
553 2602 777 2651 lacrimas
821 2604 1031 2654 dilectae
1069 2607 1197 2669 pelle
1234 2606 1464 2654 Creusae.

209 2699 311 2731 non
349 2700 439 2746 ego
482 2684 856 2746 Myrmidonum
899 2689 1041 2736 sedes
1077 2689 1394 2749 Dolopumve
1432 2683 1667 2747 superbas
1808 2690 1886 2742 785

264 2819 450 2867 756—785
474 2817 565 2856 MP
724 2820 802 2868 758
832 2819 982 2869 vento]
1006 2819 1106 2857 tecti
1127 2817 1197 2856 Ml
1367 2829 1447 2865 770
1476 2816 1630 2853 iterum
1651 2813 1888 2861 iterumque

207 2869 312 2918 Μ-γα
409 2885 483 2922 771
511 2873 674 2923 ruenti]
695 2873 852 2911 furenti
870 2872 1066 2917 M72a¹b⁷r
1179 2883 1257 2921 775
1278 2872 1390 2910 hunc
1405 2882 1570 2909 versum
1592 2867 1654 2905 ‘in
1660 2866 1884 2917 plenis-qus

205 2924 378 2973 defuisse
397 2927 490 2966 dicit
510 2927 564 2966 D.
590 2928 703 2967 Serv.
740 2928 826 2966 eicit
854 2927 1024 2966 Ribbeck
1210 2927 1289 2975 778
1318 2931 1360 2963 te
1388 2925 1486 2963 hinc
1513 2922 1710 2962 comitem
1736 2933 1886 2969 aspor-

206 2986 295 3019 tare
312 2982 334 3019 b
355 2983 415 3034 (in
432 2982 599 3030 rasura)
621 2981 897 3024 Mentelianus
911 2983 1035 3021 alter:
1069 2988 1111 3020 te
1132 2981 1327 3021 comitem
1341 2981 1439 3018 hinc
1456 2982 1675 3027 asportare
1687 2973 1885 3026 P7¹ac²vr¹

205 3035 351 3075 Sera:
385 3043 427 3075 te
456 3037 652 3075 comitem
680 3036 779 3075 hinc
807 3043 980 3087 portare
1001 3035 1205 3087 M⁶y²c¹7r²z
1238 3042 1280 3074 te
1312 3034 1510 3073 comitem
1540 3037 1714 3082 portare
1734 3029 1883 3081 Haupt

207 3091 285 3141 783
318 3090 476 3143 laetae]
505 3091 636 3130 Italae
659 3089 766 3129 MP2
