<?xml version="1.0" encoding="UTF-8"?>
<!DOCTYPE html PUBLIC "-//W3C//DTD XHTML 1.0 Transitional//EN"
    "http://www.w3.org/TR/xhtml1/DTD/xhtml1-transitional.dtd">
<html xmlns="http://www.w3.org/1999/xhtml" xml:lang="en" lang="en">
 <head>
  <title>
</title>
<meta http-equiv="Content-Type" content="text/html;charset=utf-8" />
  <meta name='ocr-system' content='tesseract 3.04.00' />
  <meta name='ocr-capabilities' content='ocr_page ocr_carea ocr_par ocr_line ocrx_word'/>
</head>
<body>
  <div class='ocr_page' id='page_1' title='image "./operarecognovitb00virguoft_0339.png"; bbox 0 0 2014 3372; ppageno 0'>
   <div class='ocr_carea' id='block_1_1' title="bbox 1362 157 1840 207">
    <p class='ocr_par' dir='ltr' id='par_1_1' title="bbox 1362 157 1840 207">
     <span class='ocr_line' id='line_1_1' title="bbox 1362 157 1840 207; baseline 0.002 -3"><span class='ocrx_word' id='word_1_1' title='bbox 1362 157 1724 207; x_wconf 90' lang='lat' dir='ltr'>AENEIDOS</span> <span class='ocrx_word' id='word_1_2' title='bbox 1764 158 1840 205; x_wconf 89' lang='lat' dir='ltr'><strong>IX</strong></span> 
     </span>
    </p>
   </div>
   <div class='ocr_carea' id='block_1_2' title="bbox 141 296 1840 2630">
    <p class='ocr_par' dir='ltr' id='par_1_2' title="bbox 141 296 1840 2291">
     <span class='ocr_line' id='line_1_2' title="bbox 176 296 1521 361; baseline -0.001 -15"><span class='ocrx_word' id='word_1_3' title='bbox 176 300 270 358; x_wconf 87' lang='lat' dir='ltr'><strong>en,&#39;</strong></span> <span class='ocrx_word' id='word_1_4' title='bbox 304 297 372 347; x_wconf 91' lang='lat' dir='ltr'><strong>ait</strong></span> <span class='ocrx_word' id='word_1_5' title='bbox 407 307 456 347; x_wconf 92' lang='lat' dir='ltr'><strong>et</strong></span> <span class='ocrx_word' id='word_1_6' title='bbox 490 297 705 347; x_wconf 89' lang='lat' dir='ltr'><strong>iaculum</strong></span> <span class='ocrx_word' id='word_1_7' title='bbox 740 306 1029 361; x_wconf 83' lang='lat' dir='ltr'><strong>attorquens</strong></span> <span class='ocrx_word' id='word_1_8' title='bbox 1065 296 1244 347; x_wconf 90' lang='lat' dir='ltr'><strong>emittit</strong></span> <span class='ocrx_word' id='word_1_9' title='bbox 1279 296 1331 345; x_wconf 93' lang='lat' dir='ltr'><strong>in</strong></span> <span class='ocrx_word' id='word_1_10' title='bbox 1366 314 1521 357; x_wconf 87' lang='lat' dir='ltr'><strong>auras,</strong></span> 
     </span>
     <span class='ocr_line' id='line_1_3' title="bbox 176 378 1570 442; baseline 0 -16"><span class='ocrx_word' id='word_1_11' title='bbox 176 378 471 441; x_wconf 90' lang='lat' dir='ltr'><strong>principium</strong></span> <span class='ocrx_word' id='word_1_12' title='bbox 506 394 713 442; x_wconf 83' lang='lat' dir='ltr'>pugnae,</span> <span class='ocrx_word' id='word_1_13' title='bbox 754 388 803 427; x_wconf 92' lang='lat' dir='ltr'><strong>et</strong></span> <span class='ocrx_word' id='word_1_14' title='bbox 839 395 1017 442; x_wconf 90' lang='lat' dir='ltr'><strong>campo</strong></span> <span class='ocrx_word' id='word_1_15' title='bbox 1053 395 1160 427; x_wconf 88' lang='lat' dir='ltr'><strong>sese</strong></span> <span class='ocrx_word' id='word_1_16' title='bbox 1195 379 1377 427; x_wconf 84' lang='lat' dir='ltr'><strong>arduus</strong></span> <span class='ocrx_word' id='word_1_17' title='bbox 1413 378 1570 426; x_wconf 91' lang='lat' dir='ltr'><strong>infert.</strong></span> 
     </span>
     <span class='ocr_line' id='line_1_4' title="bbox 176 459 1524 522; baseline -0.001 -15"><span class='ocrx_word' id='word_1_18' title='bbox 176 462 443 508; x_wconf 90' lang='lat' dir='ltr'><strong>clamorem</strong></span> <span class='ocrx_word' id='word_1_19' title='bbox 479 459 729 522; x_wconf 88' lang='lat' dir='ltr'><strong>excipiunt</strong></span> <span class='ocrx_word' id='word_1_20' title='bbox 763 459 885 508; x_wconf 88' lang='lat' dir='ltr'><strong>socii</strong></span> <span class='ocrx_word' id='word_1_21' title='bbox 919 459 1216 522; x_wconf 80' lang='lat' dir='ltr'><strong>fremituque</strong></span> <span class='ocrx_word' id='word_1_22' title='bbox 1251 468 1524 522; x_wconf 89' lang='lat' dir='ltr'><strong>sequuntur</strong></span> 
     </span>
     <span class='ocr_line' id='line_1_5' title="bbox 176 540 1836 601; baseline 0 -13"><span class='ocrx_word' id='word_1_23' title='bbox 176 541 448 600; x_wconf 90' lang='lat' dir='ltr'><strong>horrisono,</strong></span> <span class='ocrx_word' id='word_1_24' title='bbox 487 543 737 589; x_wconf 88' lang='lat' dir='ltr'><strong>Teucrum</strong></span> <span class='ocrx_word' id='word_1_25' title='bbox 774 540 1011 588; x_wconf 89' lang='lat' dir='ltr'><strong>mirantur</strong></span> <span class='ocrx_word' id='word_1_26' title='bbox 1045 540 1219 588; x_wconf 88' lang='lat' dir='ltr'><strong>inertia</strong></span> <span class='ocrx_word' id='word_1_27' title='bbox 1254 542 1417 600; x_wconf 91' lang='lat' dir='ltr'><strong>corda,</strong></span> <span class='ocrx_word' id='word_1_28' title='bbox 1786 561 1836 601; x_wconf 83' lang='lat'><strong>55</strong></span> 
     </span>
     <span class='ocr_line' id='line_1_6' title="bbox 176 621 1428 684; baseline 0.001 -16"><span class='ocrx_word' id='word_1_29' title='bbox 176 637 279 669; x_wconf 89' lang='lat' dir='ltr'><strong>non</strong></span> <span class='ocrx_word' id='word_1_30' title='bbox 314 637 475 684; x_wconf 90' lang='lat' dir='ltr'><strong>aequo</strong></span> <span class='ocrx_word' id='word_1_31' title='bbox 511 622 628 670; x_wconf 86' lang='lat' dir='ltr'><strong>dare</strong></span> <span class='ocrx_word' id='word_1_32' title='bbox 664 638 717 670; x_wconf 91' lang='lat' dir='ltr'><strong>se</strong></span> <span class='ocrx_word' id='word_1_33' title='bbox 753 639 943 684; x_wconf 87' lang='lat' dir='ltr'><strong>campo,</strong></span> <span class='ocrx_word' id='word_1_34' title='bbox 983 638 1086 670; x_wconf 90' lang='lat' dir='ltr'><strong>non</strong></span> <span class='ocrx_word' id='word_1_35' title='bbox 1123 621 1269 670; x_wconf 88' lang='lat' dir='ltr'><strong>obvia</strong></span> <span class='ocrx_word' id='word_1_36' title='bbox 1305 623 1428 670; x_wconf 89' lang='lat' dir='ltr'><strong>ferre</strong></span> 
     </span>
     <span class='ocr_line' id='line_1_7' title="bbox 175 702 1772 766; baseline 0.001 -16"><span class='ocrx_word' id='word_1_37' title='bbox 175 720 312 751; x_wconf 91' lang='lat' dir='ltr'><strong>arma</strong></span> <span class='ocrx_word' id='word_1_38' title='bbox 346 702 488 762; x_wconf 89' lang='lat' dir='ltr'><strong>viros,</strong></span> <span class='ocrx_word' id='word_1_39' title='bbox 527 704 616 751; x_wconf 91' lang='lat' dir='ltr'><strong>sed</strong></span> <span class='ocrx_word' id='word_1_40' title='bbox 652 712 810 751; x_wconf 86' lang='lat' dir='ltr'><strong>castra</strong></span> <span class='ocrx_word' id='word_1_41' title='bbox 845 705 1022 752; x_wconf 90' lang='lat' dir='ltr'><strong>fovere.</strong></span> <span class='ocrx_word' id='word_1_42' title='bbox 1090 704 1189 751; x_wconf 94' lang='lat' dir='ltr'><strong>huc</strong></span> <span class='ocrx_word' id='word_1_43' title='bbox 1225 702 1450 751; x_wconf 89' lang='lat' dir='ltr'><strong>turbidus</strong></span> <span class='ocrx_word' id='word_1_44' title='bbox 1485 712 1637 766; x_wconf 92' lang='lat' dir='ltr'><strong>atque</strong></span> <span class='ocrx_word' id='word_1_45' title='bbox 1672 705 1772 751; x_wconf 92' lang='lat' dir='ltr'><strong>huc</strong></span> 
     </span>
     <span class='ocr_line' id='line_1_8' title="bbox 141 784 1542 847; baseline 0.001 -15"><span class='ocrx_word' id='word_1_46' title='bbox 141 843 145 846; x_wconf 12' lang='grc' dir='ltr'><strong>θ</strong></span> <span class='ocrx_word' id='word_1_47' title='bbox 175 786 347 832; x_wconf 88' lang='lat' dir='ltr'><strong>lustrat</strong></span> <span class='ocrx_word' id='word_1_48' title='bbox 382 801 511 847; x_wconf 93' lang='lat' dir='ltr'><strong>equo</strong></span> <span class='ocrx_word' id='word_1_49' title='bbox 546 801 714 832; x_wconf 90' lang='lat' dir='ltr'><strong>muros</strong></span> <span class='ocrx_word' id='word_1_50' title='bbox 750 784 1040 847; x_wconf 87' lang='lat' dir='ltr'><strong>aditumque</strong></span> <span class='ocrx_word' id='word_1_51' title='bbox 1075 801 1163 847; x_wconf 93' lang='lat' dir='ltr'><strong>per</strong></span> <span class='ocrx_word' id='word_1_52' title='bbox 1196 784 1305 833; x_wconf 90' lang='lat' dir='ltr'><strong>avia</strong></span> <span class='ocrx_word' id='word_1_53' title='bbox 1341 784 1542 847; x_wconf 89' lang='lat' dir='ltr'><strong>quaerit.</strong></span> 
     </span>
     <span class='ocr_line' id='line_1_9' title="bbox 174 866 1227 929; baseline 0 -15"><span class='ocrx_word' id='word_1_54' title='bbox 174 882 234 914; x_wconf 92' lang='lat' dir='ltr'><strong>ac</strong></span> <span class='ocrx_word' id='word_1_55' title='bbox 268 866 418 914; x_wconf 91' lang='lat' dir='ltr'><strong>veluti</strong></span> <span class='ocrx_word' id='word_1_56' title='bbox 453 869 602 929; x_wconf 92' lang='lat' dir='ltr'><strong>pleno</strong></span> <span class='ocrx_word' id='word_1_57' title='bbox 637 868 782 928; x_wconf 90' lang='lat' dir='ltr'><strong>lupus</strong></span> <span class='ocrx_word' id='word_1_58' title='bbox 817 866 1074 915; x_wconf 85' lang='lat' dir='ltr'><strong>insidiatus</strong></span> <span class='ocrx_word' id='word_1_59' title='bbox 1111 866 1227 915; x_wconf 92' lang='lat' dir='ltr'><strong>ovili</strong></span> 
     </span>
     <span class='ocr_line' id='line_1_10' title="bbox 176 946 1840 1011; baseline -0.002 -16"><span class='ocrx_word' id='word_1_60' title='bbox 176 963 291 995; x_wconf 84' lang='lat' dir='ltr'><strong>cum</strong></span> <span class='ocrx_word' id='word_1_61' title='bbox 326 947 487 995; x_wconf 90' lang='lat' dir='ltr'><strong>fremit</strong></span> <span class='ocrx_word' id='word_1_62' title='bbox 522 949 587 995; x_wconf 88' lang='lat' dir='ltr'><strong>ad</strong></span> <span class='ocrx_word' id='word_1_63' title='bbox 625 949 789 995; x_wconf 90' lang='lat' dir='ltr'><strong>caulas</strong></span> <span class='ocrx_word' id='word_1_64' title='bbox 825 956 998 996; x_wconf 91' lang='lat' dir='ltr'><strong>ventos</strong></span> <span class='ocrx_word' id='word_1_65' title='bbox 1034 964 1295 1011; x_wconf 88' lang='lat' dir='ltr'><strong>perpessus</strong></span> <span class='ocrx_word' id='word_1_66' title='bbox 1332 956 1381 996; x_wconf 92' lang='lat' dir='ltr'><strong>et</strong></span> <span class='ocrx_word' id='word_1_67' title='bbox 1415 946 1587 996; x_wconf 89' lang='lat' dir='ltr'><strong>imbris</strong></span> <span class='ocrx_word' id='word_1_68' title='bbox 1787 954 1840 992; x_wconf 82' lang='lat'><strong>60</strong></span> 
     </span>
     <span class='ocr_line' id='line_1_11' title="bbox 176 1027 1428 1092; baseline -0.001 -15"><span class='ocrx_word' id='word_1_69' title='bbox 176 1038 323 1077; x_wconf 91' lang='lat' dir='ltr'><strong>nocte</strong></span> <span class='ocrx_word' id='word_1_70' title='bbox 359 1045 505 1091; x_wconf 91' lang='lat' dir='ltr'><strong>super</strong></span> <span class='ocrx_word' id='word_1_71' title='bbox 540 1028 732 1077; x_wconf 89' lang='lat' dir='ltr'><strong>media:</strong></span> <span class='ocrx_word' id='word_1_72' title='bbox 781 1028 874 1076; x_wconf 91' lang='lat' dir='ltr'><strong>tuti</strong></span> <span class='ocrx_word' id='word_1_73' title='bbox 911 1029 1002 1077; x_wconf 89' lang='lat' dir='ltr'><strong>sub</strong></span> <span class='ocrx_word' id='word_1_74' title='bbox 1039 1028 1277 1077; x_wconf 89' lang='lat' dir='ltr'><strong>matribus</strong></span> <span class='ocrx_word' id='word_1_75' title='bbox 1313 1027 1428 1092; x_wconf 87' lang='lat' dir='ltr'><strong>agni</strong></span> 
     </span>
     <span class='ocr_line' id='line_1_12' title="bbox 175 1108 1451 1172; baseline -0.002 -14"><span class='ocrx_word' id='word_1_76' title='bbox 175 1111 395 1158; x_wconf 90' lang='lat' dir='ltr'><strong>balatum</strong></span> <span class='ocrx_word' id='word_1_77' title='bbox 432 1119 673 1169; x_wconf 86' lang='lat' dir='ltr'><strong>exercent,</strong></span> <span class='ocrx_word' id='word_1_78' title='bbox 712 1109 793 1158; x_wconf 91' lang='lat' dir='ltr'><strong>ille</strong></span> <span class='ocrx_word' id='word_1_79' title='bbox 828 1126 971 1172; x_wconf 88' lang='lat' dir='ltr'><strong>asper</strong></span> <span class='ocrx_word' id='word_1_80' title='bbox 1006 1118 1055 1158; x_wconf 92' lang='lat' dir='ltr'><strong>et</strong></span> <span class='ocrx_word' id='word_1_81' title='bbox 1089 1108 1344 1172; x_wconf 89' lang='lat' dir='ltr'><strong>improbus</strong></span> <span class='ocrx_word' id='word_1_82' title='bbox 1380 1108 1451 1157; x_wconf 88' lang='lat' dir='ltr'><strong>ira</strong></span> 
     </span>
     <span class='ocr_line' id='line_1_13' title="bbox 176 1185 1350 1252; baseline -0.003 -13"><span class='ocrx_word' id='word_1_83' title='bbox 176 1191 327 1240; x_wconf 87' lang='lat' dir='ltr'><strong>saevit</strong></span> <span class='ocrx_word' id='word_1_84' title='bbox 361 1185 414 1238; x_wconf 88' lang='lat' dir='ltr'><strong>in</strong></span> <span class='ocrx_word' id='word_1_85' title='bbox 450 1191 682 1250; x_wconf 88' lang='lat' dir='ltr'><strong>absentis,</strong></span> <span class='ocrx_word' id='word_1_86' title='bbox 721 1192 929 1239; x_wconf 89' lang='lat' dir='ltr'><strong>collecta</strong></span> <span class='ocrx_word' id='word_1_87' title='bbox 963 1189 1131 1252; x_wconf 88' lang='lat' dir='ltr'><strong>fatigat</strong></span> <span class='ocrx_word' id='word_1_88' title='bbox 1168 1188 1350 1238; x_wconf 92' lang='lat' dir='ltr'><strong>edendi</strong></span> 
     </span>
     <span class='ocr_line' id='line_1_14' title="bbox 175 1270 1398 1335; baseline -0.002 -15"><span class='ocrx_word' id='word_1_89' title='bbox 175 1289 234 1320; x_wconf 88' lang='lat' dir='ltr'><strong>ex</strong></span> <span class='ocrx_word' id='word_1_90' title='bbox 268 1274 419 1335; x_wconf 84' lang='lat' dir='ltr'><strong>longo</strong></span> <span class='ocrx_word' id='word_1_91' title='bbox 455 1271 613 1320; x_wconf 89' lang='lat' dir='ltr'><strong>rabies</strong></span> <span class='ocrx_word' id='word_1_92' title='bbox 650 1280 699 1319; x_wconf 92' lang='lat' dir='ltr'><strong>et</strong></span> <span class='ocrx_word' id='word_1_93' title='bbox 736 1271 895 1319; x_wconf 86' lang='lat' dir='ltr'><strong>siccae</strong></span> <span class='ocrx_word' id='word_1_94' title='bbox 931 1270 1168 1333; x_wconf 86' lang='lat' dir='ltr'><strong>sanguine</strong></span> <span class='ocrx_word' id='word_1_95' title='bbox 1203 1272 1398 1318; x_wconf 89' lang='lat' dir='ltr'><strong>fauces:</strong></span> 
     </span>
     <span class='ocr_line' id='line_1_15' title="bbox 174 1351 1837 1409; baseline -0.002 -9"><span class='ocrx_word' id='word_1_96' title='bbox 174 1354 309 1401; x_wconf 93' lang='lat' dir='ltr'><strong>haud</strong></span> <span class='ocrx_word' id='word_1_97' title='bbox 343 1352 482 1401; x_wconf 91' lang='lat' dir='ltr'><strong>aliter</strong></span> <span class='ocrx_word' id='word_1_98' title='bbox 519 1354 706 1400; x_wconf 89' lang='lat' dir='ltr'><strong>Rutulo</strong></span> <span class='ocrx_word' id='word_1_99' title='bbox 743 1369 909 1400; x_wconf 88' lang='lat' dir='ltr'><strong>muros</strong></span> <span class='ocrx_word' id='word_1_100' title='bbox 946 1361 994 1400; x_wconf 94' lang='lat' dir='ltr'><strong>et</strong></span> <span class='ocrx_word' id='word_1_101' title='bbox 1030 1360 1187 1400; x_wconf 90' lang='lat' dir='ltr'><strong>castra</strong></span> <span class='ocrx_word' id='word_1_102' title='bbox 1221 1351 1378 1399; x_wconf 89' lang='lat' dir='ltr'><strong>tuenti</strong></span> <span class='ocrx_word' id='word_1_103' title='bbox 1787 1358 1837 1409; x_wconf 85' lang='lat'><strong>65</strong></span> 
     </span>
     <span class='ocr_line' id='line_1_16' title="bbox 174 1432 1372 1496; baseline -0.002 -14"><span class='ocrx_word' id='word_1_104' title='bbox 174 1434 432 1496; x_wconf 86' lang='lat' dir='ltr'><strong>ignescunt</strong></span> <span class='ocrx_word' id='word_1_105' title='bbox 467 1433 565 1482; x_wconf 91' lang='lat' dir='ltr'><strong>irae</strong></span> <span class='ocrx_word' id='word_1_106' title='bbox 582 1452 595 1494; x_wconf 79' lang='lat'><em>3</em></span> <span class='ocrx_word' id='word_1_107' title='bbox 644 1432 777 1481; x_wconf 88' lang='lat' dir='ltr'><strong>duris</strong></span> <span class='ocrx_word' id='word_1_108' title='bbox 815 1434 957 1481; x_wconf 92' lang='lat' dir='ltr'><strong>dolor</strong></span> <span class='ocrx_word' id='word_1_109' title='bbox 992 1432 1186 1481; x_wconf 89' lang='lat' dir='ltr'><strong>ossibus</strong></span> <span class='ocrx_word' id='word_1_110' title='bbox 1221 1434 1372 1480; x_wconf 91' lang='lat' dir='ltr'><strong>ardet.</strong></span> 
     </span>
     <span class='ocr_line' id='line_1_17' title="bbox 175 1513 1544 1577; baseline -0.001 -15"><span class='ocrx_word' id='word_1_111' title='bbox 175 1531 272 1577; x_wconf 91' lang='lat' dir='ltr'><strong>qua</strong></span> <span class='ocrx_word' id='word_1_112' title='bbox 307 1523 514 1576; x_wconf 88' lang='lat' dir='ltr'><strong>temptet</strong></span> <span class='ocrx_word' id='word_1_113' title='bbox 550 1513 739 1562; x_wconf 87' lang='lat' dir='ltr'><strong>ratione</strong></span> <span class='ocrx_word' id='word_1_114' title='bbox 774 1513 950 1572; x_wconf 89' lang='lat' dir='ltr'><strong>aditus,</strong></span> <span class='ocrx_word' id='word_1_115' title='bbox 990 1522 1039 1562; x_wconf 91' lang='lat' dir='ltr'><strong>et</strong></span> <span class='ocrx_word' id='word_1_116' title='bbox 1075 1529 1202 1576; x_wconf 89' lang='lat' dir='ltr'><strong>quae</strong></span> <span class='ocrx_word' id='word_1_117' title='bbox 1237 1513 1316 1561; x_wconf 90' lang='lat' dir='ltr'><strong>via</strong></span> <span class='ocrx_word' id='word_1_118' title='bbox 1351 1513 1544 1561; x_wconf 89' lang='lat' dir='ltr'><strong>clausos</strong></span> 
     </span>
     <span class='ocr_line' id='line_1_18' title="bbox 174 1593 1598 1656; baseline -0.002 -12"><span class='ocrx_word' id='word_1_119' title='bbox 174 1595 386 1644; x_wconf 89' lang='lat' dir='ltr'><strong>excutiat</strong></span> <span class='ocrx_word' id='word_1_120' title='bbox 422 1598 642 1644; x_wconf 91' lang='lat' dir='ltr'><strong>Teucros</strong></span> <span class='ocrx_word' id='word_1_121' title='bbox 679 1597 808 1643; x_wconf 92' lang='lat' dir='ltr'><strong>vallo</strong></span> <span class='ocrx_word' id='word_1_122' title='bbox 844 1603 994 1656; x_wconf 92' lang='lat' dir='ltr'><strong>atque</strong></span> <span class='ocrx_word' id='word_1_123' title='bbox 1030 1596 1250 1642; x_wconf 88' lang='lat' dir='ltr'><strong>effundat</strong></span> <span class='ocrx_word' id='word_1_124' title='bbox 1286 1593 1338 1641; x_wconf 91' lang='lat' dir='ltr'><strong>in</strong></span> <span class='ocrx_word' id='word_1_125' title='bbox 1373 1595 1598 1656; x_wconf 82' lang='lat' dir='ltr'><strong>aequor?</strong></span> 
     </span>
     <span class='ocr_line' id='line_1_19' title="bbox 174 1675 1545 1739; baseline -0.002 -14"><span class='ocrx_word' id='word_1_126' title='bbox 174 1679 395 1736; x_wconf 89' lang='lat' dir='ltr'><strong>classem,</strong></span> <span class='ocrx_word' id='word_1_127' title='bbox 436 1693 562 1739; x_wconf 90' lang='lat' dir='ltr'><strong>quae</strong></span> <span class='ocrx_word' id='word_1_128' title='bbox 598 1676 737 1724; x_wconf 90' lang='lat' dir='ltr'><strong>lateri</strong></span> <span class='ocrx_word' id='word_1_129' title='bbox 774 1685 1044 1724; x_wconf 89' lang='lat' dir='ltr'><strong>castrorum</strong></span> <span class='ocrx_word' id='word_1_130' title='bbox 1080 1675 1314 1723; x_wconf 90' lang='lat' dir='ltr'><strong>adiuncta</strong></span> <span class='ocrx_word' id='word_1_131' title='bbox 1349 1675 1545 1734; x_wconf 90' lang='lat' dir='ltr'><strong>latebat,</strong></span> 
     </span>
     <span class='ocr_line' id='line_1_20' title="bbox 172 1755 1838 1821; baseline -0.002 -16"><span class='ocrx_word' id='word_1_132' title='bbox 172 1757 429 1821; x_wconf 87' lang='lat' dir='ltr'><strong>aggeribus</strong></span> <span class='ocrx_word' id='word_1_133' title='bbox 467 1766 688 1820; x_wconf 89' lang='lat' dir='ltr'><strong>saeptam</strong></span> <span class='ocrx_word' id='word_1_134' title='bbox 726 1756 911 1804; x_wconf 92' lang='lat' dir='ltr'><strong>circum</strong></span> <span class='ocrx_word' id='word_1_135' title='bbox 948 1765 996 1805; x_wconf 91' lang='lat' dir='ltr'><strong>et</strong></span> <span class='ocrx_word' id='word_1_136' title='bbox 1032 1755 1309 1803; x_wconf 89' lang='lat' dir='ltr'><strong>fluvialibus</strong></span> <span class='ocrx_word' id='word_1_137' title='bbox 1346 1755 1508 1815; x_wconf 89' lang='lat' dir='ltr'><strong>undis,</strong></span> <span class='ocrx_word' id='word_1_138' title='bbox 1787 1770 1838 1816; x_wconf 80' lang='lat'><strong>70</strong></span> 
     </span>
     <span class='ocr_line' id='line_1_21' title="bbox 172 1836 1347 1901; baseline -0.002 -15"><span class='ocrx_word' id='word_1_139' title='bbox 172 1838 360 1887; x_wconf 90' lang='lat' dir='ltr'><strong>invadit</strong></span> <span class='ocrx_word' id='word_1_140' title='bbox 397 1838 658 1901; x_wconf 91' lang='lat' dir='ltr'><strong>sociosque</strong></span> <span class='ocrx_word' id='word_1_141' title='bbox 694 1836 926 1886; x_wconf 90' lang='lat' dir='ltr'><strong>incendia</strong></span> <span class='ocrx_word' id='word_1_142' title='bbox 961 1836 1121 1900; x_wconf 90' lang='lat' dir='ltr'><strong>poscit</strong></span> <span class='ocrx_word' id='word_1_143' title='bbox 1157 1836 1347 1885; x_wconf 92' lang='lat' dir='ltr'><strong>ovantis</strong></span> 
     </span>
     <span class='ocr_line' id='line_1_22' title="bbox 171 1917 1447 1982; baseline -0.001 -15"><span class='ocrx_word' id='word_1_144' title='bbox 171 1929 321 1982; x_wconf 93' lang='lat' dir='ltr'><strong>atque</strong></span> <span class='ocrx_word' id='word_1_145' title='bbox 357 1936 558 1967; x_wconf 88' lang='lat' dir='ltr'><strong>manum</strong></span> <span class='ocrx_word' id='word_1_146' title='bbox 595 1919 715 1981; x_wconf 87' lang='lat' dir='ltr'><strong>pinu</strong></span> <span class='ocrx_word' id='word_1_147' title='bbox 753 1917 976 1981; x_wconf 87' lang='lat' dir='ltr'><strong>flagranti</strong></span> <span class='ocrx_word' id='word_1_148' title='bbox 1011 1917 1225 1966; x_wconf 87' lang='lat' dir='ltr'><strong>fervidus</strong></span> <span class='ocrx_word' id='word_1_149' title='bbox 1261 1917 1447 1980; x_wconf 87' lang='lat' dir='ltr'><strong>implet.</strong></span> 
     </span>
     <span class='ocr_line' id='line_1_23' title="bbox 173 1997 1496 2063; baseline -0.002 -15"><span class='ocrx_word' id='word_1_150' title='bbox 173 2009 277 2048; x_wconf 92' lang='lat' dir='ltr'><strong>tum</strong></span> <span class='ocrx_word' id='word_1_151' title='bbox 313 2017 429 2048; x_wconf 91' lang='lat' dir='ltr'><strong>vero</strong></span> <span class='ocrx_word' id='word_1_152' title='bbox 465 1999 760 2047; x_wconf 88' lang='lat' dir='ltr'><strong>incumbunt</strong></span> <span class='ocrx_word' id='word_1_153' title='bbox 799 1999 958 2063; x_wconf 89' lang='lat' dir='ltr'><strong>(urget</strong></span> <span class='ocrx_word' id='word_1_154' title='bbox 993 1997 1268 2061; x_wconf 89' lang='lat' dir='ltr'><strong>praesentia</strong></span> <span class='ocrx_word' id='word_1_155' title='bbox 1302 1998 1496 2062; x_wconf 89' lang='lat' dir='ltr'><strong>Turni),</strong></span> 
     </span>
     <span class='ocr_line' id='line_1_24' title="bbox 171 2078 1404 2144; baseline -0.002 -15"><span class='ocrx_word' id='word_1_156' title='bbox 171 2090 320 2144; x_wconf 90' lang='lat' dir='ltr'><strong>atque</strong></span> <span class='ocrx_word' id='word_1_157' title='bbox 356 2081 517 2129; x_wconf 88' lang='lat' dir='ltr'><strong>omnis</strong></span> <span class='ocrx_word' id='word_1_158' title='bbox 553 2081 743 2128; x_wconf 87' lang='lat' dir='ltr'><strong>facibus</strong></span> <span class='ocrx_word' id='word_1_159' title='bbox 779 2080 937 2142; x_wconf 90' lang='lat' dir='ltr'><strong>pubes</strong></span> <span class='ocrx_word' id='word_1_160' title='bbox 973 2079 1242 2142; x_wconf 85' lang='lat' dir='ltr'><strong>accingitur</strong></span> <span class='ocrx_word' id='word_1_161' title='bbox 1276 2078 1404 2127; x_wconf 90' lang='lat' dir='ltr'><strong>atris.</strong></span> 
     </span>
     <span class='ocr_line' id='line_1_25' title="bbox 171 2159 1832 2224; baseline -0.001 -15"><span class='ocrx_word' id='word_1_162' title='bbox 171 2161 415 2224; x_wconf 88' lang='lat' dir='ltr'><strong>diripuere</strong></span> <span class='ocrx_word' id='word_1_163' title='bbox 450 2163 618 2209; x_wconf 86' lang='lat' dir='ltr'><strong>focos:</strong></span> <span class='ocrx_word' id='word_1_164' title='bbox 668 2161 865 2224; x_wconf 92' lang='lat' dir='ltr'><strong>piceum</strong></span> <span class='ocrx_word' id='word_1_165' title='bbox 902 2162 994 2208; x_wconf 89' lang='lat' dir='ltr'><strong>fert</strong></span> <span class='ocrx_word' id='word_1_166' title='bbox 1029 2159 1219 2208; x_wconf 88' lang='lat' dir='ltr'><strong>fumida</strong></span> <span class='ocrx_word' id='word_1_167' title='bbox 1254 2161 1422 2209; x_wconf 91' lang='lat' dir='ltr'><strong>lumen</strong></span> <span class='ocrx_word' id='word_1_168' title='bbox 1785 2179 1832 2222; x_wconf 89' lang='lat'><strong>75</strong></span> 
     </span>
     <span class='ocr_line' id='line_1_26' title="bbox 170 2241 1572 2291; baseline -0.001 0"><span class='ocrx_word' id='word_1_169' title='bbox 170 2245 316 2291; x_wconf 90' lang='lat' dir='ltr'><strong>taeda</strong></span> <span class='ocrx_word' id='word_1_170' title='bbox 351 2252 400 2291; x_wconf 92' lang='lat' dir='ltr'><strong>et</strong></span> <span class='ocrx_word' id='word_1_171' title='bbox 436 2242 754 2291; x_wconf 86' lang='lat' dir='ltr'><strong>commixtam</strong></span> <span class='ocrx_word' id='word_1_172' title='bbox 790 2243 1045 2290; x_wconf 91' lang='lat' dir='ltr'><strong>Volcanus</strong></span> <span class='ocrx_word' id='word_1_173' title='bbox 1082 2243 1147 2290; x_wconf 89' lang='lat' dir='ltr'><strong>ad</strong></span> <span class='ocrx_word' id='word_1_174' title='bbox 1181 2250 1311 2289; x_wconf 91' lang='lat' dir='ltr'><strong>astra</strong></span> <span class='ocrx_word' id='word_1_175' title='bbox 1345 2241 1572 2290; x_wconf 90' lang='lat' dir='ltr'><strong>favillam.</strong></span> 
     </span>
    </p>

    <p class='ocr_par' dir='ltr' id='par_1_3' title="bbox 169 2322 1832 2630">
     <span class='ocr_line' id='line_1_27' title="bbox 239 2322 1673 2384; baseline 0.001 -13"><span class='ocrx_word' id='word_1_176' title='bbox 239 2323 364 2384; x_wconf 86' lang='lat' dir='ltr'><strong>Quis</strong></span> <span class='ocrx_word' id='word_1_177' title='bbox 402 2325 538 2383; x_wconf 92' lang='lat' dir='ltr'><strong>deus,</strong></span> <span class='ocrx_word' id='word_1_178' title='bbox 578 2340 609 2372; x_wconf 95' lang='lat' dir='ltr'><strong>o</strong></span> <span class='ocrx_word' id='word_1_179' title='bbox 648 2326 839 2383; x_wconf 90' lang='lat' dir='ltr'><strong>Musae,</strong></span> <span class='ocrx_word' id='word_1_180' title='bbox 880 2332 981 2371; x_wconf 88' lang='lat' dir='ltr'><strong>tam</strong></span> <span class='ocrx_word' id='word_1_181' title='bbox 1019 2339 1163 2372; x_wconf 89' lang='lat' dir='ltr'><strong>saeva</strong></span> <span class='ocrx_word' id='word_1_182' title='bbox 1201 2322 1433 2371; x_wconf 89' lang='lat' dir='ltr'><strong>incendia</strong></span> <span class='ocrx_word' id='word_1_183' title='bbox 1467 2323 1673 2372; x_wconf 91' lang='lat' dir='ltr'><strong>Teucris</strong></span> 
     </span>
     <span class='ocr_line' id='line_1_28' title="bbox 169 2402 1375 2470; baseline 0 -18"><span class='ocrx_word' id='word_1_184' title='bbox 169 2404 377 2453; x_wconf 91' lang='lat' dir='ltr'><strong>avertit?</strong></span> <span class='ocrx_word' id='word_1_185' title='bbox 416 2414 578 2454; x_wconf 92' lang='lat' dir='ltr'><strong>tantos</strong></span> <span class='ocrx_word' id='word_1_186' title='bbox 615 2405 800 2454; x_wconf 90' lang='lat' dir='ltr'><strong>ratibus</strong></span> <span class='ocrx_word' id='word_1_187' title='bbox 838 2404 948 2470; x_wconf 92' lang='lat' dir='ltr'><strong>quis</strong></span> <span class='ocrx_word' id='word_1_188' title='bbox 986 2403 1176 2468; x_wconf 92' lang='lat' dir='ltr'><strong>depulit</strong></span> <span class='ocrx_word' id='word_1_189' title='bbox 1212 2402 1375 2467; x_wconf 88' lang='lat' dir='ltr'><strong>ignis?</strong></span> 
     </span>
     <span class='ocr_line' id='line_1_29' title="bbox 170 2484 1476 2549; baseline 0 -16"><span class='ocrx_word' id='word_1_190' title='bbox 170 2485 331 2534; x_wconf 91' lang='lat' dir='ltr'><strong>dicite.</strong></span> <span class='ocrx_word' id='word_1_191' title='bbox 406 2486 564 2549; x_wconf 89' lang='lat' dir='ltr'><strong>prisca</strong></span> <span class='ocrx_word' id='word_1_192' title='bbox 599 2488 722 2535; x_wconf 91' lang='lat' dir='ltr'><strong>fides</strong></span> <span class='ocrx_word' id='word_1_193' title='bbox 758 2488 903 2546; x_wconf 90' lang='lat' dir='ltr'><strong>facto,</strong></span> <span class='ocrx_word' id='word_1_194' title='bbox 944 2487 1032 2535; x_wconf 91' lang='lat' dir='ltr'><strong>sed</strong></span> <span class='ocrx_word' id='word_1_195' title='bbox 1068 2488 1199 2534; x_wconf 90' lang='lat' dir='ltr'><strong>fama</strong></span> <span class='ocrx_word' id='word_1_196' title='bbox 1234 2484 1476 2548; x_wconf 89' lang='lat' dir='ltr'><strong>perennis.</strong></span> 
     </span>
     <span class='ocr_line' id='line_1_30' title="bbox 170 2565 1832 2630; baseline 0 -17"><span class='ocrx_word' id='word_1_197' title='bbox 170 2575 391 2628; x_wconf 90' lang='lat' dir='ltr'><strong>tempore</strong></span> <span class='ocrx_word' id='word_1_198' title='bbox 427 2583 528 2629; x_wconf 91' lang='lat' dir='ltr'><strong>quo</strong></span> <span class='ocrx_word' id='word_1_199' title='bbox 564 2566 778 2630; x_wconf 89' lang='lat' dir='ltr'><strong>primum</strong></span> <span class='ocrx_word' id='word_1_200' title='bbox 816 2566 1024 2630; x_wconf 84' lang='lat' dir='ltr'><strong>Phrygia</strong></span> <span class='ocrx_word' id='word_1_201' title='bbox 1060 2566 1303 2615; x_wconf 91' lang='lat' dir='ltr'><strong>formabat</strong></span> <span class='ocrx_word' id='word_1_202' title='bbox 1339 2565 1390 2614; x_wconf 93' lang='lat' dir='ltr'><strong>in</strong></span> <span class='ocrx_word' id='word_1_203' title='bbox 1429 2567 1522 2614; x_wconf 90' lang='lat' dir='ltr'><strong>Ida</strong></span> <span class='ocrx_word' id='word_1_204' title='bbox 1779 2575 1832 2614; x_wconf 93' lang='lat'><strong>80</strong></span> 
     </span>
    </p>
   </div>
   <div class='ocr_carea' id='block_1_3' title="bbox 167 2695 1834 3003">
    <p class='ocr_par' dir='ltr' id='par_1_4' title="bbox 167 2695 1834 3003">
     <span class='ocr_line' id='line_1_31' title="bbox 225 2695 1830 2746; baseline 0.001 -13"><span class='ocrx_word' id='word_1_205' title='bbox 225 2697 359 2744; x_wconf 83' lang='lat'><strong>52-68</strong></span> <span class='ocrx_word' id='word_1_206' title='bbox 382 2695 573 2744; x_wconf 84' lang='lat' dir='ltr'><em>FMPR;</em></span> <span class='ocrx_word' id='word_1_207' title='bbox 603 2698 740 2744; x_wconf 90' lang='lat'>69-80</span> <span class='ocrx_word' id='word_1_208' title='bbox 760 2695 892 2735; x_wconf 87' lang='lat' dir='ltr'><strong>MPR</strong></span> <span class='ocrx_word' id='word_1_209' title='bbox 1130 2709 1182 2746; x_wconf 85' lang='lat'><strong>52</strong></span> <span class='ocrx_word' id='word_1_210' title='bbox 1212 2697 1460 2745; x_wconf 88' lang='lat' dir='ltr'><strong>intorquens</strong></span> <span class='ocrx_word' id='word_1_211' title='bbox 1480 2695 1531 2734; x_wconf 96' lang='lat' dir='ltr'><em>M</em></span> <span class='ocrx_word' id='word_1_212' title='bbox 1667 2707 1719 2745; x_wconf 90' lang='lat'><strong>54</strong></span> <span class='ocrx_word' id='word_1_213' title='bbox 1750 2696 1830 2735; x_wconf 92' lang='lat' dir='ltr'><strong>cla-</strong></span> 
     </span>
     <span class='ocr_line' id='line_1_32' title="bbox 169 2749 1834 2800; baseline 0.001 -14"><span class='ocrx_word' id='word_1_214' title='bbox 169 2761 286 2788; x_wconf 90' lang='lat' dir='ltr'><strong>more</strong></span> <span class='ocrx_word' id='word_1_215' title='bbox 317 2749 442 2800; x_wconf 75' lang='lat' dir='ltr'><em>FR72</em></span> <span class='ocrx_word' id='word_1_216' title='bbox 463 2751 645 2800; x_wconf 86' lang='lat' dir='ltr'><strong>agnoscit</strong></span> <span class='ocrx_word' id='word_1_217' title='bbox 663 2750 777 2790; x_wconf 83' lang='lat' dir='ltr'><strong>Serv.</strong></span> <span class='ocrx_word' id='word_1_218' title='bbox 909 2752 963 2789; x_wconf 88' lang='grc'><strong>66</strong></span> <span class='ocrx_word' id='word_1_219' title='bbox 993 2752 1122 2789; x_wconf 88' lang='lat' dir='ltr'><strong>durus</strong></span> <span class='ocrx_word' id='word_1_220' title='bbox 1141 2750 1225 2800; x_wconf 74' lang='lat' dir='ltr'><strong>P71</strong></span> <span class='ocrx_word' id='word_1_221' title='bbox 1324 2754 1416 2800; x_wconf 82' lang='lat' dir='ltr'><strong>post</strong></span> <span class='ocrx_word' id='word_1_222' title='bbox 1441 2749 1563 2787; x_wconf 88' lang='lat' dir='ltr'><strong>ardet</strong></span> <span class='ocrx_word' id='word_1_223' title='bbox 1583 2749 1834 2800; x_wconf 81' lang='lat' dir='ltr'><strong>interpungit</strong></span> 
     </span>
     <span class='ocr_line' id='line_1_33' title="bbox 167 2802 1832 2855; baseline 0 -14"><span class='ocrx_word' id='word_1_224' title='bbox 167 2803 426 2854; x_wconf 82' lang='lat' dir='ltr'><strong>Peerlkamp,</strong></span> <span class='ocrx_word' id='word_1_225' title='bbox 446 2804 570 2855; x_wconf 83' lang='lat' dir='ltr'><em>vulgo</em></span> <span class='ocrx_word' id='word_1_226' title='bbox 589 2817 682 2841; x_wconf 85' lang='lat' dir='ltr'><strong>cum</strong></span> <span class='ocrx_word' id='word_1_227' title='bbox 702 2804 957 2854; x_wconf 73' lang='lat' dir='ltr'><strong>sequentibus</strong></span> <span class='ocrx_word' id='word_1_228' title='bbox 976 2805 1158 2855; x_wconf 50' lang='lat' dir='ltr'><strong>tangunt</strong></span> <span class='ocrx_word' id='word_1_229' title='bbox 1430 2805 1482 2852; x_wconf 91' lang='lat'><strong>67</strong></span> <span class='ocrx_word' id='word_1_230' title='bbox 1513 2816 1623 2852; x_wconf 90' lang='lat' dir='ltr'><strong>quae</strong></span> <span class='ocrx_word' id='word_1_231' title='bbox 1643 2803 1710 2841; x_wconf 86' lang='lat' dir='ltr'><strong>via</strong></span> <span class='ocrx_word' id='word_1_232' title='bbox 1730 2802 1832 2841; x_wconf 86' lang='lat' dir='ltr'><strong>P¹R</strong></span> 
     </span>
     <span class='ocr_line' id='line_1_34' title="bbox 167 2856 1831 2908; baseline 0 -13"><span class='ocrx_word' id='word_1_233' title='bbox 167 2858 350 2907; x_wconf 82' lang='lat' dir='ltr'><strong>agnoscit</strong></span> <span class='ocrx_word' id='word_1_234' title='bbox 384 2856 499 2896; x_wconf 77' lang='lat' dir='ltr'><strong>Serv.</strong></span> <span class='ocrx_word' id='word_1_235' title='bbox 520 2871 528 2895; x_wconf 73' lang='grc' dir='ltr'><strong><em>ε</em></strong></span> <span class='ocrx_word' id='word_1_236' title='bbox 551 2870 660 2906; x_wconf 59' lang='lat' dir='ltr'><strong>aequa</strong></span> <span class='ocrx_word' id='word_1_237' title='bbox 698 2858 767 2896; x_wconf 88' lang='lat' dir='ltr'><strong>via</strong></span> <span class='ocrx_word' id='word_1_238' title='bbox 803 2857 1047 2908; x_wconf 74' lang='lat' dir='ltr'><strong>FMP²7bcrr</strong></span> <span class='ocrx_word' id='word_1_239' title='bbox 1089 2857 1206 2896; x_wconf 80' lang='lat' dir='ltr'><strong>Serv.</strong></span> <span class='ocrx_word' id='word_1_240' title='bbox 1238 2857 1430 2906; x_wconf 86' lang='lat' dir='ltr'><strong>Bentley:</strong></span> <span class='ocrx_word' id='word_1_241' title='bbox 1472 2870 1555 2906; x_wconf 90' lang='lat' dir='ltr'><strong>qua</strong></span> <span class='ocrx_word' id='word_1_242' title='bbox 1587 2857 1627 2895; x_wconf 89' lang='lat' dir='ltr'><strong>vi</strong></span> <span class='ocrx_word' id='word_1_243' title='bbox 1660 2856 1831 2895; x_wconf 79' lang='lat' dir='ltr'><strong>Ribbeck</strong></span> 
     </span>
     <span class='ocr_line' id='line_1_35' title="bbox 167 2910 1827 2962; baseline 0.001 -14"><span class='ocrx_word' id='word_1_244' title='bbox 167 2912 223 2949; x_wconf 89' lang='lat'><strong>68</strong></span> <span class='ocrx_word' id='word_1_245' title='bbox 252 2924 430 2960; x_wconf 90' lang='lat' dir='ltr'><strong>aequum</strong></span> <span class='ocrx_word' id='word_1_246' title='bbox 453 2910 661 2949; x_wconf 84' lang='lat' dir='ltr'><em>F¹MP²R</em></span> <span class='ocrx_word' id='word_1_247' title='bbox 747 2916 843 2961; x_wconf 84' lang='lat' dir='ltr'><strong>post</strong></span> <span class='ocrx_word' id='word_1_248' title='bbox 876 2925 927 2960; x_wconf 90' lang='lat'><strong>72</strong></span> <span class='ocrx_word' id='word_1_249' title='bbox 955 2925 1018 2950; x_wconf 87' lang='lat' dir='ltr'><strong>vv.</strong></span> <span class='ocrx_word' id='word_1_250' title='bbox 1047 2912 1136 2961; x_wconf 85' lang='lat'><strong>146,</strong></span> <span class='ocrx_word' id='word_1_251' title='bbox 1174 2924 1248 2960; x_wconf 89' lang='lat'><strong>147</strong></span> <span class='ocrx_word' id='word_1_252' title='bbox 1278 2912 1418 2950; x_wconf 74' lang='lat' dir='ltr'><strong>inserit</strong></span> <span class='ocrx_word' id='word_1_253' title='bbox 1436 2911 1615 2962; x_wconf 81' lang='lat' dir='ltr'><strong>Ribbeck,</strong></span> <span class='ocrx_word' id='word_1_254' title='bbox 1646 2912 1722 2959; x_wconf 88' lang='lat'><strong>146</strong></span> <span class='ocrx_word' id='word_1_255' title='bbox 1753 2911 1827 2950; x_wconf 88' lang='lat' dir='ltr'><strong>sed</strong></span> 
     </span>
     <span class='ocr_line' id='line_1_36' title="bbox 168 2964 471 3003; baseline 0.003 -1"><span class='ocrx_word' id='word_1_256' title='bbox 168 2964 211 3002; x_wconf 81' lang='lat' dir='ltr'><strong>in</strong></span> <span class='ocrx_word' id='word_1_257' title='bbox 231 2964 291 3003; x_wconf 87' lang='lat' dir='ltr'><strong>sic</strong></span> <span class='ocrx_word' id='word_1_258' title='bbox 312 2970 471 3003; x_wconf 82' lang='lat' dir='ltr'><strong>mutato</strong></span> 
     </span>
    </p>
   </div>
  </div>
 </body>
</html>
