2014 3372
459 772 528 839 P.
581 771 980 837 VERGILI
1046 770 1488 838 MARONIS

657 939 1284 1012 AENEIDOS

820 1121 1035 1168 LIBER
1070 1121 1116 1166 V

205 1270 443 1317 INTEREA
479 1270 699 1320 medium
737 1274 933 1319 Aeneas
970 1270 1068 1319 iam
1106 1272 1261 1319 classe
1297 1271 1498 1319 tenebat

135 1359 295 1398 certus
332 1350 421 1399 iter
457 1353 734 1415 fluctusque
769 1361 900 1400 atros
935 1351 1187 1415 Aquilone
1224 1351 1422 1400 secabat

134 1429 332 1478 moenia
368 1430 646 1494 respiciens,
686 1448 813 1494 quae
848 1431 947 1480 iam
983 1431 1191 1481 infelicis
1230 1431 1420 1479 Elissae

134 1512 398 1559 conlucent
434 1511 657 1560 flammis.
732 1529 859 1575 quae
895 1522 1088 1561 tanturn
1123 1512 1405 1561 accenderit
1441 1512 1607 1576 ignem

133 1588 280 1639 causa
315 1593 464 1653 latet,
511 1592 620 1642 duri
657 1610 836 1656 magno
874 1596 962 1643 sed
997 1610 1164 1642 amore
1201 1595 1396 1642 dolores
1770 1614 1793 1654 5

132 1675 337 1736 polluto,
377 1683 652 1738 notumque
687 1677 852 1724 furens
889 1676 1010 1739 quid
1045 1676 1230 1725 femina
1264 1676 1431 1740 possit,

132 1752 266 1802 triste
302 1771 388 1816 per
424 1755 680 1818 augurium
718 1759 1023 1805 Teucrorum
1060 1767 1261 1820 pectora
1296 1759 1497 1806 ducunt.

131 1844 184 1883 ut
220 1837 420 1898 pelagus
457 1846 657 1886 tenuere
694 1847 819 1886 rates
855 1856 948 1887 nec
983 1839 1081 1887 iam
1117 1839 1328 1902 amplius
1364 1841 1464 1887 ulla

131 1916 340 1964 occurrit
377 1919 532 1978 tellus,
574 1919 725 1967 maria
760 1920 981 1983 undique
1018 1931 1066 1969 et
1102 1921 1323 1984 undique
1359 1922 1564 1981 caelum,

130 1997 214 2045 olli
251 2001 502 2048 caeruleus
541 2017 686 2064 supra
722 2011 870 2064 caput
905 2002 1056 2050 astitit
1091 2002 1249 2051 imber
1741 2024 1791 2052 10

130 2088 328 2127 noctem
368 2080 683 2144 hiememque
721 2084 881 2130 ferens
918 2092 966 2130 et
1001 2082 1241 2131 inhorruit
1277 2085 1412 2132 unda
1447 2083 1674 2132 tenebris.

129 2158 233 2221 ipse
269 2161 566 2223 gubernator
601 2162 756 2225 puppi
793 2163 1050 2212 Palinurus
1085 2164 1149 2212 ab
1185 2165 1314 2213 alta:

131 2245 142 2265 ‘
162 2243 258 2289 heu
297 2242 528 2305 quianam
566 2243 689 2293 tanti
725 2244 982 2294 cinxerunt
1015 2247 1214 2294 aethera
1249 2245 1445 2294 nimbi?

127 2322 320 2384 quidve,
361 2334 498 2387 pater
534 2327 782 2389 Neptune,
820 2330 1024 2389 paras?'
1060 2327 1130 2376 sic
1167 2327 1348 2376 deinde
1384 2329 1578 2375 locutus

126 2405 353 2468 colligere
389 2423 524 2455 arma
560 2407 696 2457 iubet
732 2409 1005 2472 validisque
1042 2409 1328 2458 incumbere
1364 2408 1523 2468 remiS,
1735 2428 1782 2469 15

126 2485 446 2555 obliquatque
483 2487 616 2536 sinus
653 2488 703 2536 in
739 2499 942 2538 ventum
978 2507 1036 2538 ac
1073 2490 1187 2538 talia
1222 2492 1380 2538 fatur:

130 2567 467 2629 ‘magnanime
502 2571 687 2629 Aenea,
727 2587 843 2631 non,
876 2571 923 2619 si
960 2570 1081 2619 mihi
1119 2571 1340 2634 Iuppiter
1373 2579 1545 2619 auctor

124 2648 380 2707 spondeat,
418 2650 514 2697 hoc
550 2667 741 2713 sperem
780 2651 973 2699 Italiam
1011 2651 1294 2714 contingere
1330 2653 1479 2700 caelo.

124 2727 298 2774 mutati
333 2736 602 2778 transversa
638 2732 852 2779 fremunt
888 2741 937 2780 et
972 2749 1172 2796 vespere
1207 2732 1272 2779 ab
1307 2740 1412 2779 atro

123 2817 423 2870 consurgunt
458 2809 604 2869 venti,
642 2819 790 2872 atque
826 2811 877 2858 in
913 2813 1099 2861 nubem
1138 2812 1325 2874 cogitur
1360 2814 1453 2859 aer.
1731 2833 1781 2861 20

122 2902 215 2934 nec
250 2903 340 2935 nos
377 2887 536 2936 obniti
573 2899 743 2938 contra
778 2908 871 2939 nec
908 2894 1111 2940 tendere
1147 2901 1338 2939 tantum

314 3027 412 3053 1-21
436 3015 528 3054 MP
742 3019 768 3056 6
795 3024 943 3069 posset
962 3018 1012 3057 M
1177 3033 1228 3071 19
1256 3019 1373 3073 atro]
1397 3020 1482 3059 alto
1503 3019 1570 3057 M²

1614 3095 1691 3134 14*
