2014 3372
203 159 255 205 P.
296 159 597 208 VERGILI
637 161 963 210 MARONIS

198 297 398 361 vitaque
436 316 549 347 cum
588 300 774 362 gemitu
806 300 930 363 fugit
967 300 1223 364 indignata
1259 302 1353 351 sub
1388 302 1602 352 umbras.

197 389 304 429 tum
343 398 460 430 vero
496 380 769 430 immensus
813 399 1017 446 surgens
1060 383 1170 432 ferit
1206 401 1355 433 aurea
1391 386 1578 434 clamor

196 461 392 511 sidera:
440 461 635 511 deiecta
669 462 916 512 crudescit
952 481 1119 528 pugna
1157 465 1402 526 Camilla3

195 543 454 593 incurrunt
488 543 633 594 densi
668 544 815 594 simul
850 546 1013 595 omnis
1052 547 1196 611 copia
1232 550 1483 597 Teucrum

196 626 542 690 Tyrrhenique
576 628 730 676 duces
770 629 1095 692 Euandrique
1131 631 1353 679 Arcades
1389 632 1508 679 alae.
1794 641 1873 693 835

264 711 332 757 At
373 708 569 758 Triviae
607 718 775 759 custos
811 710 1108 760 iamdudum
1144 711 1195 760 in
1235 712 1490 761 montibus
1529 713 1653 776 Opis

193 792 292 839 alta
330 792 471 840 sedet
507 791 714 840 summis
750 802 1043 856 spectatque
1079 793 1299 842 interrita
1334 811 1538 859 pugnas.

193 881 347 935 utque
385 875 557 936 procul
594 873 763 922 medio
798 873 1035 923 iuvenum
1071 875 1124 924 in
1159 878 1377 925 clamore
1413 878 1663 926 furentum

192 954 444 1018 prospexit
480 954 604 1003 tristi
640 957 908 1005 mulcatam
946 966 1106 1006 morte
1145 957 1423 1018 Camillam,

191 1035 533 1101 ingemuitque
571 1038 811 1102 deditque
846 1041 935 1087 has
974 1038 1076 1088 imo
1113 1049 1315 1104 pectore
1349 1058 1527 1091 voces:
1792 1050 1874 1102 840

197 1120 326 1167 ‘heu
362 1119 586 1180 nimium,
625 1120 775 1185 virgo,
814 1121 1027 1171 nimium
1063 1124 1263 1172 crudele
1299 1122 1432 1171 luisti

192 1200 493 1264 supplicium
531 1204 753 1252 Teucros
789 1213 970 1253 conata
1006 1206 1248 1253 lacessere
1284 1204 1450 1253 bello!

190 1300 283 1333 nec
323 1283 414 1333 tibi
449 1286 673 1335 desertae
708 1285 760 1334 in
797 1286 962 1336 dumis
999 1287 1211 1336 coluisse
1250 1286 1466 1336 Dianam

189 1366 374 1430 profuit
410 1376 494 1415 aut
531 1377 722 1417 nostras
760 1376 933 1418 umero
972 1369 1181 1432 gessisse
1218 1371 1482 1433 pharetras.

188 1465 291 1497 non
331 1459 499 1499 tamen
535 1450 822 1500 indecorem
861 1461 946 1501 tua
981 1462 1029 1501 te
1066 1451 1233 1515 regina
1268 1451 1465 1515 reliquit
1790 1461 1868 1515 845

189 1539 408 1579 extrema
443 1531 542 1580 iam
579 1532 629 1580 in
667 1542 840 1592 morte,
881 1550 1045 1597 neque
1082 1535 1180 1582 hoc
1218 1533 1323 1582 sine
1361 1532 1565 1582 nomine
1602 1535 1756 1583 letum

187 1629 275 1676 per
310 1613 470 1676 gentis
509 1614 598 1663 erit
634 1623 719 1663 aut
755 1617 939 1663 famam
976 1614 1175 1678 patieris
1213 1614 1410 1663 inultae.

188 1712 304 1743 nam
345 1695 649 1760 quicumque
687 1706 830 1746 tuum
868 1697 1068 1746 violavit
1105 1699 1307 1746 vulnere
1345 1713 1524 1760 corpus

188 1785 346 1826 morte
383 1779 485 1826 luet
524 1778 727 1827 merita.'
799 1779 890 1828 fuit
928 1779 1102 1843 ingens
1142 1788 1314 1828 monte
1350 1779 1444 1827 sub
1479 1780 1579 1828 alto

187 1858 311 1922 regis
352 1859 604 1908 Dercenni
641 1869 836 1909 terreno
868 1878 928 1909 ex
963 1878 1137 1925 aggere
1174 1862 1377 1910 bustum
1787 1869 1868 1922 850

186 1939 377 2004 antiqui
415 1940 674 1990 Laurentis
714 1958 971 2004 opacaque
1010 1941 1121 1991 ilice
1158 1951 1380 2003 tectum3

186 2022 267 2071 hic
305 2025 399 2072 dea
435 2040 488 2072 se
524 2022 740 2086 primum
778 2023 952 2086 rapido
993 2023 1324 2087 pulcherrima
1360 2023 1471 2071 nisu

186 2104 311 2153 sistit
348 2114 396 2154 et
433 2108 701 2154 Arruntem
740 2107 934 2154 tumulo
975 2108 1255 2169 speculatur
1292 2106 1356 2154 ab
1392 2107 1506 2154 alto.

185 2196 239 2235 ut
275 2186 398 2236 vidit
434 2189 705 2250 fulgentem
743 2186 890 2235 armis
928 2205 987 2236 ac
1025 2205 1152 2236 vana
1189 2197 1479 2247 tumentem,

189 2270 331 2317 ‘cur'
368 2267 528 2331 inquit
572 2268 819 2318 ‘diversus
857 2269 1002 2318 abis?
1052 2272 1150 2318 huc
1189 2269 1355 2332 derige
1390 2285 1623 2333 gressum,
1784 2277 1863 2329 855

185 2351 283 2399 huc
320 2350 532 2414 periture
569 2351 696 2411 veni,
737 2352 902 2415 capias
941 2362 994 2401 ut
1032 2353 1182 2417 digna
1220 2352 1459 2403 Camillae

184 2432 413 2495 praemia.
489 2442 608 2482 tune
645 2433 793 2482 etiam
832 2435 940 2484 telis
982 2436 1189 2485 moriere
1230 2435 1484 2484 Dianae?'

185 2512 318 2572 dixit,
360 2522 408 2562 et
444 2523 613 2562 aurata
649 2518 902 2566 volucrem
941 2519 1176 2568 Threissa
1213 2518 1436 2582 sagittam

184 2595 492 2658 deprompsit
528 2598 757 2659 pharetra
792 2617 1047 2665 cornuque
1085 2601 1277 2651 infensa
1314 2599 1524 2649 tetendit

238 2725 427 2775 831—857
469 2725 627 2776 MPR;
678 2729 772 2778 858,
805 2730 887 2779 859
926 2729 1094 2767 FMPR
1312 2731 1392 2780 835
1423 2729 1781 2779 Tyrrhenumque
1812 2726 1866 2766 M

183 2779 264 2827 838
294 2779 491 2819 iuvenem
507 2782 656 2833 P¹72bl
744 2783 957 2823 furentem
975 2783 1112 2833 M‘y2b1
1225 2786 1306 2834 839
1336 2785 1553 2824 multatam
1573 2783 1650 2834 clv,
1664 2783 1739 2823 sed
1755 2783 1858 2821 mul-

183 2839 319 2872 catam
339 2839 514 2875 testatur
529 2837 584 2875 D.
607 2836 723 2878 Serv.
743 2839 893 2889 probat
911 2838 1080 2888 Bentley
1235 2841 1314 2888 844
1345 2838 1590 2891 pharetras]
1613 2839 1788 2888 sagittas
1811 2836 1865 2875 M

182 2886 391 2929 deteriores
410 2891 585 2943 quidam
729 2894 809 2941 845
843 2893 1045 2942 relinquit
1065 2893 1129 2931 b2:
1163 2892 1378 2942 relinquet
1407 2893 1538 2943 P7b¹c
1645 2895 1725 2942 852
1756 2889 1855 2941 dea]

184 2957 234 2982 ea
255 2943 320 2982 Μι
434 2949 514 2997 854
545 2946 776 2986 laetantem
803 2946 955 2986 animis
977 2946 1041 2985 Μ1
1154 2948 1236 2997 856
1265 2947 1444 2987 Camilla
1473 2946 1516 2984 R
