2014 3372
1361 145 1506 192 AEN
1511 144 1722 194 EIDOS
1758 143 1865 194 XII

201 298 250 338 et
286 287 519 337 sternacis
557 286 672 349 equi
709 287 902 350 lapsum
939 285 1130 335 cervice
1166 287 1492 349 Thymoeten.

200 387 258 418 ac
293 371 426 417 velut
464 367 629 417 Edoni
667 370 855 415 Boreae
892 383 1007 415 cum
1044 366 1240 430 spiritus
1275 369 1374 415 alto
1784 373 1864 426 365

200 450 397 498 insonat
432 452 634 511 Aegaeo
670 447 989 510 sequiturque
1024 449 1090 496 ad
1126 447 1267 496 litora
1302 449 1479 496 fluctus
1496 465 1510 507 3

200 548 298 593 qua
333 530 466 579 venti
502 530 783 589 incubuere,
823 531 990 592 fugam
1026 531 1147 577 dant
1183 528 1352 577 nubila
1387 530 1557 577 caelo:

200 611 269 659 sic
306 613 489 669 Turno,
531 626 846 673 quacumque
880 609 1012 657 viam
1048 619 1195 668 secat,
1234 609 1430 671 agmina
1465 611 1650 657 cedunt

200 709 565 755 conversaeque
601 700 748 740 ruunt
784 691 951 751 acies;
997 693 1090 739 fert
1125 691 1338 753 impetus
1374 690 1537 753 ipsum

143 802 147 804 >
199 783 248 822 et
285 773 481 822 cristam
517 775 725 821 adverso
762 789 906 820 curru
942 772 1101 834 quatit
1135 789 1252 820 aura
1288 773 1550 820 volantem.
1786 787 1866 831 370

200 872 301 903 non
338 854 447 902 tulit
484 843 749 902 instantem
787 855 1015 916 Phegeus
1050 853 1329 915 animisque
1365 854 1671 911 frementem,

199 934 381 983 obiecit
418 951 525 983 sese
561 936 625 982 ad
661 951 857 982 currum
894 942 943 982 et
979 932 1260 997 spumantia
1294 932 1443 981 frenis

198 1033 283 1064 ora
322 1016 581 1064 citatorum
618 1018 788 1065 dextra
822 1015 1029 1065 detorsit
1066 1031 1319 1077 equorum.

198 1098 320 1146 dum
358 1097 563 1145 trahitur
598 1099 884 1161 pendetque
918 1097 1058 1159 iugis,
1098 1098 1232 1145 hunc
1267 1098 1366 1144 lata
1399 1105 1638 1144 retectum

197 1179 370 1226 lancea
405 1178 725 1241 consequitur
759 1178 1044 1242 rumpitque
1079 1177 1229 1226 infixa
1264 1177 1463 1225 bilicem
1783 1194 1862 1236 375

197 1259 400 1308 loricam
437 1269 486 1309 et
522 1277 772 1309 summum
809 1262 1037 1323 degustat
1072 1261 1274 1307 vulnere
1309 1275 1500 1321 corpus.

198 1340 278 1389 ille
314 1350 482 1389 tamen
519 1340 680 1404 clipeo
716 1341 915 1390 obiecto
952 1357 1217 1389 conversus
1254 1339 1305 1387 in
1341 1341 1535 1388 hostem

197 1421 300 1470 ibat
335 1431 384 1471 et
419 1421 655 1470 auxilium
692 1424 845 1471 ducto
881 1439 1119 1471 mucrone
1154 1422 1368 1485 petebat,

198 1519 312 1550 curn
349 1511 456 1551 rota
490 1502 810 1566 praecipitem
847 1512 897 1551 et
932 1519 1169 1566 procursu
1206 1501 1430 1550 concitus
1465 1501 1568 1550 axis

198 1583 393 1647 impulit
429 1584 739 1647 effunditque
775 1587 896 1643 solo,
936 1587 1234 1647 Turnusque
1271 1593 1468 1632 secutus
1784 1593 1864 1644 380

196 1665 348 1714 imam
384 1665 511 1715 inter
545 1668 736 1730 galeam
774 1665 955 1715 summi
991 1666 1204 1714 thoracis
1242 1675 1290 1714 et
1325 1682 1434 1714 oras

196 1746 398 1795 abstulit
434 1764 552 1796 ense
588 1757 736 1810 caput
772 1757 1102 1810 truncumque
1137 1747 1333 1810 reliquit
1367 1748 1593 1795 harenae.

262 1829 431 1890 Atque
467 1845 526 1876 ea
560 1829 682 1877 dum
719 1827 907 1890 campis
942 1827 1098 1876 victor
1134 1829 1218 1876 dat
1253 1829 1425 1876 funera
1459 1829 1671 1887 Turnus,

196 1906 382 1956 interea
417 1910 623 1957 Aenean
663 1910 960 1957 Mnestheus
996 1917 1046 1957 et
1081 1908 1210 1956 fidus
1246 1909 1464 1956 Achates

194 1987 541 2051 Ascaniusque
577 2005 745 2037 comes
782 1988 951 2036 castris
988 1996 1201 2037 statuere
1236 1997 1496 2036 cruentum
1785 2001 1858 2050 385

193 2069 407 2117 alternos
443 2070 590 2132 longa
625 2069 866 2117 nitentem
903 2067 1108 2131 cuspide
1144 2085 1349 2132 gressus.

195 2148 347 2198 saevit
383 2157 431 2198 et
466 2148 672 2198 infracta
706 2152 918 2198 luctatur
952 2150 1228 2199 harundine
1263 2151 1417 2199 telum

196 2229 381 2293 eripere
416 2229 698 2293 auxilioque
733 2230 878 2290 viam,
917 2247 1045 2293 quae
1080 2230 1313 2293 proxima,
1353 2229 1542 2293 poscit:

196 2326 313 2358 ense
350 2319 518 2359 secent
554 2312 653 2359 lato
689 2312 866 2359 vulnus
903 2310 1087 2374 telique
1123 2311 1360 2359 latebram

194 2390 476 2440 rescindant
511 2392 722 2455 penitus,
762 2409 970 2455 seseque
1005 2392 1056 2440 in
1093 2393 1223 2441 bella
1258 2392 1520 2441 remittant.
1775 2415 1857 2456 390

195 2470 392 2534 iamque
428 2473 596 2521 aderat
634 2473 842 2521 Phoebo
878 2482 993 2522 ante
1028 2473 1150 2521 alios
1187 2472 1395 2521 dilectus
1434 2475 1587 2536 Iapyx

197 2551 398 2611 Iasides,
438 2553 535 2602 acri
574 2555 829 2616 quondam
868 2553 949 2602 cui
985 2562 1159 2615 captus
1194 2569 1362 2602 amore
1391 2595 1397 2599 ,

194 2631 300 2695 ipse
336 2650 447 2681 suas
483 2634 612 2694 artis,
652 2651 740 2683 sua
776 2651 992 2694 munera,
1032 2636 1188 2703 laetus
1224 2635 1407 2696 Apollo

194 2714 451 2777 augurium
488 2710 827 2779 citharamque
864 2717 1014 2765 dabat
1051 2715 1321 2778 celerisque
1357 2714 1567 2778 sagittas.

250 2849 440 2897 364—394
472 2846 602 2887 MPR
767 2849 847 2898 380
876 2849 1111 2898 effuditque
1141 2848 1234 2900 R7c
1398 2849 1477 2897 382
1508 2848 1668 2887 harena
1697 2847 1856 2899 R7b¹cvr

194 2902 275 2950 385
306 2900 469 2952 comes]
492 2915 599 2951 puer
614 2902 678 2941 Rb
787 2905 869 2952 389
898 2902 1085 2943 latebras
1104 2901 1194 2942 Mb2
1305 2914 1384 2953 394
1416 2915 1484 2941 -ve
1504 2932 1513 2942 .
1537 2931 1547 2943 .
1573 2932 1581 2942 .
1604 2915 1674 2941 -ve
1690 2902 1857 2952 Bentley

196 2955 313 2994 dedit
334 2954 387 2994 M
401 2957 586 3007 agnoscit
603 2956 718 2998 Serv.
739 2970 748 2995 τ
780 2957 875 2996 dedi
894 2957 941 3008 γι
