2014 3372
1302 161 1450 208 AEN
1453 161 1664 210 EIDOS
1700 163 1836 211 VIII

168 296 378 362 imperio
415 305 463 345 et
501 296 657 346 saevis
693 297 852 345 tenuit
890 297 1168 346 Mezentius
1203 298 1364 347 armis.

162 379 289 441 quid
325 395 596 427 memorem
632 377 860 427 infandas
897 381 1089 439 caedes,
1130 379 1252 442 quid
1289 382 1417 429 facta
1453 382 1644 444 tyranni

165 462 350 509 effera?
386 459 439 508 di
474 458 622 522 capiti
658 458 811 522 ipsius
847 460 1114 524 generique
1150 466 1429 511 reservent!

164 552 358 591 mortua
395 541 515 604 quin
552 540 700 590 etiam
738 540 972 604 iungebat
1008 559 1214 606 corpora
1249 543 1370 592 vivis
1752 555 1833 606 485

164 639 473 686 componens
509 621 838 684 manibusque
875 639 1050 671 manus
1086 632 1236 686 atque
1272 623 1439 673 oribus
1476 642 1574 685 ora,

163 702 399 752 tormenti
434 719 602 766 genus,
643 711 692 750 et
729 702 865 751 sanie
901 704 1120 766 taboque
1155 704 1352 753 fluentis

161 787 426 848 complexu
462 784 513 831 in
550 783 730 832 misero
766 786 914 847 longa
949 785 1019 833 sic
1057 794 1215 834 morte
1251 787 1474 835 necabat.

163 875 214 914 at
249 865 364 913 fessi
400 866 603 912 tandem
641 863 771 912 cives
809 864 1012 913 infanda
1047 867 1292 915 furentem

161 946 336 995 armati
372 945 738 995 circumsistunt
774 946 1039 1010 ipsumque
1075 949 1397 1010 domumque,
1500 971 1503 973 ·
1751 970 1833 1012 490

162 1028 462 1077 obtruncant
499 1027 675 1086 socios,
714 1027 879 1090 ignem
914 1029 980 1076 ad
1015 1028 1206 1091 fastigia
1240 1028 1436 1077 iactant.

162 1109 245 1158 ille
282 1109 407 1157 inter
442 1110 649 1156 caedem
689 1111 989 1158 Rutulorum
1026 1112 1220 1173 elapsus
1257 1110 1309 1158 in
1345 1127 1487 1173 agros

162 1192 428 1253 confugere
465 1199 513 1238 et
550 1190 707 1238 Turni
744 1190 1000 1240 defendier
1035 1191 1243 1253 hospitis
1280 1191 1441 1240 armis.

163 1289 279 1335 ergo
315 1271 476 1320 omnis
513 1271 648 1319 furiis
686 1271 890 1320 surrexit
927 1272 1120 1320 Etruria
1155 1272 1308 1332 iustis,

162 1373 327 1419 regem
364 1359 429 1406 ad
467 1357 764 1420 supplicium
801 1357 1048 1419 praesenti
1085 1358 1247 1406 Marte
1282 1367 1564 1420 reposcunt.
1748 1378 1829 1421 495

161 1439 238 1487 his
275 1457 366 1503 ego
403 1450 463 1499 te,
504 1443 691 1500 Aenea,
731 1442 991 1488 ductorem
1028 1439 1227 1488 milibus
1262 1441 1460 1488 addam.

162 1531 268 1571 toto
305 1540 520 1586 namque
557 1526 773 1573 fremunt
809 1525 1094 1573 condensae
1129 1523 1269 1572 litore
1305 1540 1499 1586 puppes

160 1604 398 1667 signaque
435 1608 558 1655 ferre
595 1606 782 1665 iubent,
821 1606 998 1655 retinet
1034 1608 1301 1669 longaevus
1339 1607 1584 1668 haruspex

161 1687 261 1734 fata
296 1703 510 1735 canens:
563 1691 639 1735 “o
678 1687 942 1735 Maeoniae
979 1689 1172 1736 delecta
1207 1687 1448 1746 iuventus,

162 1768 253 1815 flos
289 1777 509 1816 veterum
547 1768 798 1830 virtusque
833 1768 1004 1827 virum,
1033 1785 1158 1830 quos
1195 1767 1350 1816 iustus
1387 1767 1438 1815 in
1474 1769 1670 1816 hostem
1750 1786 1830 1826 500

161 1850 252 1896 fert
288 1850 431 1898 dolor
465 1859 514 1898 et
550 1849 723 1898 merita
759 1849 987 1898 accendit
1026 1849 1302 1898 Mezentius
1339 1848 1422 1908 ira,

160 1929 283 1976 nulli
318 1932 389 1978 fas
428 1933 554 1979 Italo
592 1940 780 1979 tantam
819 1930 1115 1994 subiungere
1149 1940 1378 1993 gentem:

158 2019 387 2059 externos
424 2021 591 2074 optate
629 2014 826 2060 duces.''
898 2021 1004 2059 tum
1042 2013 1251 2059 Etrusca
1287 2010 1468 2059 resedit

161 2092 257 2139 hoc
293 2092 422 2141 acies
460 2111 638 2157 campo
677 2094 878 2142 monitis
916 2092 1141 2141 exterrita
1176 2092 1359 2140 divum,

161 2172 266 2235 ipse
303 2184 517 2224 oratores
554 2178 619 2225 ad
656 2194 736 2225 me
773 2175 1009 2239 regnique
1046 2191 1281 2223 coronam
1746 2193 1824 2232 505

157 2271 275 2302 cum
312 2265 505 2319 sceptro
542 2257 675 2305 misit
712 2259 1017 2319 mandatque
1054 2254 1264 2317 insignia
1299 2255 1510 2313 Tarcho,

161 2338 426 2385 succedam
462 2338 630 2386 castris
668 2340 1024 2401 Tyrrhenaque
1061 2353 1210 2399 regna
1245 2352 1512 2398 capessam.

158 2418 249 2465 sed
286 2417 406 2465 mihi
442 2421 581 2468 tarda
614 2422 727 2483 gelu
763 2420 1036 2482 saeclisque
1074 2420 1219 2467 effeta
1254 2425 1482 2465 senectus

160 2496 347 2546 invidet
383 2499 645 2563 imperium
683 2517 918 2563 seraeque
955 2503 1020 2549 ad
1057 2499 1201 2548 fortia
1235 2498 1373 2546 vires.

161 2587 332 2626 natum
369 2582 660 2639 exhortarer,
700 2581 751 2629 ni
787 2581 966 2629 mixtus
1004 2590 1158 2629 matre
1196 2580 1391 2628 Sabella
1745 2597 1825 2636 510

160 2658 277 2706 hinc
313 2669 501 2721 partem
538 2661 722 2723 patriae
760 2663 983 2710 traheret.
1059 2671 1124 2721 tu,
1166 2660 1305 2709 cuius
1342 2669 1390 2708 et
1425 2658 1567 2707 annis

161 2747 210 2786 et
244 2740 410 2802 generi
446 2742 544 2789 fata
580 2741 851 2805 indulgent,
894 2760 1042 2805 quem
1080 2742 1287 2790 numina
1322 2749 1546 2804 poscunt,

159 2818 426 2883 ingredere,
468 2838 498 2870 o
534 2823 784 2871 Teucrum
820 2832 969 2886 atque
1007 2825 1188 2872 Italum
1225 2821 1489 2871 fortissime
1526 2823 1714 2870 ductor.

216 2950 404 2998 482-513
426 2948 556 2987 MPR
740 2964 819 3000 492
851 2951 1004 2989 caedes
1026 2949 1231 2991 M²Pbcrr:
1266 2951 1434 2989 cedems
1454 2964 1484 2998 γ
1595 2960 1674 2997 512
1695 2948 1823 2986 fatum

159 3000 359 3052 P1R7¹bn
379 3003 433 3042 D.
457 3003 571 3043 Serv.
687 3004 883 3054 indulges
902 3003 959 3042 Pl
980 3018 989 3043 :
1019 3004 1236 3055 indulgeet
1250 3005 1293 3044 R
1312 3018 1321 3043 :
1352 3004 1546 3052 indulget
1566 3002 1617 3040 ὑπ
1632 3002 1688 3042 D.
1706 3002 1822 3043 Serv.
