2014 3372
1354 147 1717 197 AENEIDOS
1753 147 1803 194 X

137 291 357 352 frangere
392 304 486 337 nec
521 287 606 336 tali
641 286 850 351 puppim
886 285 1098 335 statione
1133 302 1307 334 recuso

136 379 328 434 arrepta
363 367 535 418 tellure
571 369 754 417 semel.'
824 384 952 430 quae
987 366 1103 415 talia
1137 375 1403 430 postquam

138 453 311 500 effatus
347 452 594 509 Tarchon,
633 448 755 498 socii
790 464 1083 510 consurgere
1119 447 1279 496 tonsis

136 531 512 594 spumantisque
549 539 674 579 rates
710 529 836 577 arvis
872 528 1049 577 inferre
1086 527 1285 587 Latinis,

137 614 301 661 donec
337 620 491 660 rostra
526 619 700 660 tenent
735 610 923 658 siccum
959 618 1008 657 et
1043 610 1215 657 sedere
1251 607 1444 656 carinae

137 709 309 742 omnes
346 691 604 740 innocuae.
678 692 769 739 sed
804 707 907 739 non
943 689 1122 752 puppis
1158 698 1256 748 tua,
1296 689 1561 736 Tarchon:

136 790 353 838 namque
389 772 574 820 inflicta
608 771 723 820 vadi
758 773 907 820 dorso
942 772 1064 819 dum
1100 771 1286 833 pendet
1321 769 1498 832 iniquo

136 870 318 916 anceps
356 862 626 901 sustentata
662 851 748 900 diu
784 853 1065 914 fluctusque
1101 850 1282 913 fatigat,

136 934 340 983 solvitur
376 943 526 996 atque
562 932 691 981 viros
727 932 904 981 mediis
939 931 1140 994 exponit
1176 931 1228 979 in
1263 930 1424 990 undis,

135 1016 374 1078 fragmina
410 1031 659 1063 remorum
696 1031 821 1076 quos
858 1023 907 1062 et
942 1013 1183 1061 fluitantia
1218 1022 1427 1061 transtra

138 1095 419 1159 impediunt
455 1095 754 1158 retrahitque
789 1096 942 1157 pedes
983 1094 1130 1142 simul
1166 1094 1302 1142 unda
1337 1093 1576 1141 relabens.

206 1179 314 1225 Nec
351 1179 577 1224 Turnum
614 1175 774 1239 segnis
811 1175 992 1223 retinet
1027 1191 1177 1234 mora,
1220 1176 1308 1223 sed
1343 1173 1469 1236 rapit
1504 1189 1617 1221 acer
1691 1197 1695 1200 -

139 1268 295 1307 totam
332 1258 489 1307 aciem
526 1258 577 1305 in
613 1260 834 1305 Teucros
870 1266 919 1304 et
954 1265 1125 1304 contra
1160 1255 1212 1302 in
1247 1255 1388 1303 litore
1425 1253 1562 1302 sistit.

136 1339 275 1403 signa
311 1348 508 1388 canunt.
582 1338 768 1401 primus
805 1347 988 1385 turmas
1024 1336 1200 1384 invasit
1236 1335 1436 1399 agrestis

138 1425 348 1481 Aeneas,
388 1438 537 1470 omen
573 1437 782 1483 pugnae,
821 1419 1086 1482 stravitque
1131 1418 1334 1466 Latinos

138 1502 304 1551 occiso
342 1504 588 1561 Therone,
625 1501 782 1549 virum
819 1500 905 1563 qui
941 1499 1181 1548 maximus
1217 1501 1345 1548 ultro

139 1587 347 1633 Aenean
383 1584 518 1646 petit.
591 1583 708 1631 huic
743 1582 907 1646 gladio
942 1599 1128 1645 perque
1169 1598 1311 1629 aerea
1347 1589 1468 1639 suta,

138 1683 225 1729 per
261 1666 480 1714 tunicam
518 1667 826 1728 squalentem
861 1681 981 1712 auro
1017 1666 1143 1711 latus
1179 1662 1339 1710 haurit
1374 1670 1612 1724 apertum.

137 1747 255 1796 inde
293 1747 482 1795 Lichan
519 1746 628 1795 ferit
665 1756 916 1794 exsectum
952 1745 1051 1793 iam
1088 1754 1242 1793 matre
1278 1753 1534 1806 perempta

138 1838 187 1876 et
223 1827 326 1887 tibi,
367 1827 582 1886 Phoebe,
623 1843 849 1875 sacrum:
903 1842 1046 1874 casus
1082 1827 1289 1874 evadere
1325 1824 1436 1871 ferri

138 1925 239 1970 quo
275 1907 411 1956 licuit
448 1909 639 1970 parvo?
688 1923 781 1954 nec
817 1908 963 1968 longe
1000 1905 1171 1955 Cissea
1207 1906 1386 1953 durum

138 1988 507 2051 immanemque
545 1990 687 2050 Gyan
724 1986 983 2035 sternentis
1018 1986 1215 2049 agmina
1250 1987 1387 2034 clava

138 2068 318 2118 deiecit
354 2071 453 2117 leto
471 2087 484 2128 3
536 2068 658 2116 nihil
693 2067 803 2116 illos
841 2066 1072 2115 Herculis
1108 2083 1243 2114 arma

139 2167 232 2198 nec
267 2149 459 2198 validae
494 2149 659 2198 iuvere
696 2165 872 2197 manus
907 2147 1196 2211 genitorque
1234 2148 1530 2209 Melampus,

138 2230 347 2279 Alcidae
383 2247 551 2279 comes
589 2247 746 2293 usque
782 2229 939 2293 gravis
976 2231 1096 2277 dum
1134 2237 1258 2276 terra
1292 2228 1485 2275 labores

141 2310 377 2373 praebuit.
454 2328 570 2359 ecce
608 2312 783 2369 Pharo,
823 2325 970 2358 voces
1008 2310 1128 2357 dum
1164 2307 1311 2356 iactat
1352 2306 1533 2365 inertis,

140 2390 429 2453 intorquens
465 2391 679 2439 iaculum
716 2390 949 2439 clamanti
990 2389 1114 2437 sistit
1149 2388 1199 2436 in
1236 2405 1333 2436 ore.

141 2480 195 2519 tu
231 2488 443 2534 quoque,
483 2474 744 2520 flaventem
781 2471 938 2534 prima
972 2469 1202 2532 lanugine
1238 2470 1390 2516 malas

142 2553 263 2600 dum
301 2551 516 2614 sequeris
554 2552 771 2614 Clytium
807 2550 987 2609 infelix,
1026 2567 1155 2598 nova
1189 2549 1381 2612 gaudia,
1421 2549 1614 2610 Cydon,

145 2632 397 2680 Dardania
432 2641 607 2680 stratus
643 2634 825 2690 dextra,
863 2647 1062 2680 securus
1096 2647 1322 2679 amorum

1726 545 1808 586 300

1731 949 1805 990 305

1729 1354 1807 1393 310

1727 1762 1805 1802 315

1729 2164 1807 2202 320

1727 2566 1802 2604 325

198 2763 389 2810 297-326
409 2759 540 2799 MPR
758 2773 835 2810 297
866 2773 1034 2810 puppes
1053 2758 1214 2809 PR7²22
1326 2770 1404 2807 303
1423 2757 1521 2795 vadi
1541 2755 1597 2794 Pl
1617 2755 1805 2794 Probus:

145 2816 264 2854 vadis
284 2814 535 2863 MP²R7bc1r
647 2826 726 2863 307
759 2816 908 2864 pedem
930 2812 1038 2852 M²b²
1056 2813 1264 2852 deteriores
1375 2825 1453 2861 317
1484 2823 1568 2861 quo
1589 2808 1695 2860 Ρ’*”γ1
1715 2810 1810 2860 legit

133 2869 313 2918 sortasse
339 2867 394 2908 D.
420 2867 551 2919 Serv„
578 2868 728 2919 probat
754 2866 1004 2908 Markland:
1044 2868 1155 2917 quod
1186 2865 1425 2917 MP¹7²bc¹n
1448 2865 1562 2904 Serv.
1584 2878 1593 2902 t
1632 2864 1700 2902 cui
1727 2862 1807 2901 Rc²

146 2923 328 2973 agnoscit
346 2922 459 2963 Serv.
479 2937 487 2963 :
517 2923 615 2972 quoi
635 2922 866 2962 Sabbadim·
1024 2933 1101 2970 321
1135 2934 1228 2959 cum
1248 2919 1316 2958 M1
1473 2931 1554 2967 323
1586 2918 1805 2956 clamantis

146 2975 296 3027 MP70¹
