2014 3372
1334 146 1695 205 AENEIDOS
1732 146 1809 193 XI

147 302 280 335 nunc
315 285 382 337 ite
419 294 467 334 et
503 283 692 334 miseris
728 284 993 349 supponite
1029 284 1218 334 civibus
1253 285 1447 349 ignem!

145 366 332 415 dixerat
368 369 575 415 Aeneas.
650 365 719 414 illi
755 367 1037 430 obstipuere
1072 365 1272 416 'silentes
1732 387 1807 416 120

146 448 467 510 conversique
503 449 674 496 oculos
710 447 836 496 inter
871 464 923 497 se
959 457 1108 511 atque
1144 465 1229 497 ora
1264 450 1511 498 tenebant.

212 531 343 577 Tum
380 529 543 578 senior
577 545 871 592 semperque
907 529 1034 578 odiis
1070 538 1119 578 et
1155 529 1358 579 crimine
1397 533 1618 579 Drances

144 608 363 658 infensus
399 609 564 658 iuveni
600 612 772 659 Turno
808 609 878 658 sic
914 627 997 659 ore
1033 610 1247 659 vicissim

145 707 254 739 orsa
288 692 459 739 refert:
511 695 522 716 ‘
539 708 570 739 o
604 692 735 739 fama
770 691 957 754 ingens,
996 691 1240 754 ingentior
1274 693 1434 752 armis,

142 771 214 820 vir
249 772 475 832 Troiane,
516 764 696 835 quibus
732 775 870 822 caelo
907 782 955 822 te
991 774 1221 823 laudibus
1258 777 1505 838 aequem?
1731 795 1805 836 125

143 852 419 902 iustitiaene
455 852 587 916 prius
625 853 769 902 mirer
805 853 987 903 belline
1023 855 1290 904 laborum?

143 951 234 983 nos
269 951 385 983 vero
421 936 544 983 haec
579 934 788 996 patriam
823 935 945 997 grati
981 937 1247 984 referemus
1283 937 1348 984 ad
1384 936 1557 984 urbem

143 1024 191 1064 et
227 1025 288 1075 te,
328 1015 368 1064 si
404 1033 502 1078 qua
537 1015 665 1064 viam
702 1015 896 1065 dederit
933 1018 1162 1076 Fortuna,
1204 1016 1385 1065 Latino

141 1096 402 1160 iungemus
438 1096 550 1159 regi.
625 1106 827 1159 quaerat
863 1097 957 1146 sibi
993 1099 1194 1146 foedera
1230 1100 1440 1146 Turnus.

141 1177 262 1240 quin
299 1187 347 1226 et
381 1176 539 1225 fatalis
576 1194 828 1226 murorum
864 1180 1084 1228 attollere
1121 1180 1276 1228 moles
1728 1199 1806 1240 130

141 1275 354 1321 saxaque
391 1259 679 1308 subvectare
715 1259 895 1308 umeris
932 1259 1148 1308 Troiana
1184 1259 1399 1308 iuvabit.'

140 1339 327 1389 dixerat
362 1341 485 1389 haec
521 1357 723 1403 unoque
759 1357 933 1389 omnes
971 1342 1147 1390 eadem
1185 1358 1269 1390 ore
1306 1342 1593 1391 fremebant.

140 1420 216 1469 bis
254 1437 399 1469 senos
436 1420 666 1484 pepigere
702 1420 822 1480 dies,
862 1430 911 1469 et
946 1438 1069 1484 pace
1105 1430 1357 1484 sequestra

138 1518 224 1564 per
259 1501 402 1550 silvas
439 1501 618 1550 Teucri
654 1501 892 1564 mixtique
927 1501 1132 1565 impune
1168 1502 1331 1550 Latini

138 1599 355 1632 erravere
390 1582 527 1645 iugis.
601 1584 728 1630 ferro
764 1591 907 1631 sonat
942 1585 1040 1630 alta
1075 1582 1280 1645 bipenni
1727 1603 1800 1644 155

137 1663 363 1723 fraxinus,
404 1672 628 1711 evertunt
663 1672 796 1712 actas
833 1665 899 1712 ad
936 1663 1096 1712 sidera
1131 1663 1289 1726 pinus,

136 1744 313 1793 robora
348 1761 440 1792 nec
476 1743 646 1793 cuneis
683 1753 731 1792 et
768 1746 986 1793 olentem
1023 1746 1248 1793 scindere
1283 1747 1486 1794 cedrum

137 1841 229 1873 nec
265 1824 491 1887 plaustris
529 1833 723 1873 cessant
762 1834 954 1874 vectare
983 1825 1302 1891 *gementibus
1339 1843 1499 1877 ornos.

204 1908 269 1953 Et
303 1905 401 1953 iam
439 1907 591 1953 Fama
629 1907 814 1964 volans,
854 1905 978 1953 tanti
1012 1906 1303 1969 praenuntia
1339 1909 1512 1967 luctus,

136 1987 426 2034 Euandrum
465 1986 785 2048 Euandrique
824 1988 1002 2035 domos
1039 1995 1087 2035 et
1124 1987 1322 2035 moenia
1356 1990 1522 2051 replet,
1725 2010 1799 2050 140

134 2083 261 2128 quae
298 2068 451 2115 modo
487 2066 723 2114 victorem
763 2066 907 2116 Latio
944 2069 1167 2115 Pallanta
1202 2068 1400 2116 ferebat.

133 2148 352 2196 Arcades
388 2149 452 2197 ad
488 2157 652 2210 portas
689 2164 828 2197 ruere
865 2156 913 2196 et
949 2149 1013 2197 de
1049 2165 1187 2197 more
1221 2157 1415 2198 vetusto

132 2229 356 2277 funereas
393 2245 595 2291 rapuere
631 2230 762 2277 faces
778 2247 792 2290 3
840 2231 972 2277 lucet
1006 2228 1085 2277 via
1120 2231 1269 2292 longo

132 2308 305 2357 ordine
341 2311 650 2358 flammarum
687 2319 736 2358 et
771 2311 868 2359 late
906 2309 1210 2359 discriminat
1246 2327 1399 2374 agros.

132 2398 302 2437 contra
337 2390 480 2438 turba
516 2391 763 2453 Phrygum
798 2389 1001 2439 veniens
1037 2390 1321 2453 plangentia
1354 2391 1510 2454 iungit
1720 2413 1793 2453 ¹45

131 2468 338 2531 agmina.
412 2486 538 2532 quae
573 2479 838 2533 postquam
875 2480 1054 2520 matres
1091 2473 1356 2521 succedere
1391 2472 1532 2521 tectis

129 2549 369 2610 viderunt,
410 2560 648 2599 maestam
684 2550 959 2600 incendunt
996 2551 1295 2601 clamoribus
1330 2554 1517 2602 urbem.

128 2639 179 2677 at
213 2647 315 2679 non
353 2633 642 2680 Euandrum
677 2631 806 2694 potis
843 2641 916 2681 est
951 2631 1023 2681 vis
1059 2634 1159 2681 ulla
1194 2641 1372 2692 tenere,

129 2711 218 2758 sed
254 2710 387 2759 venit
422 2711 473 2758 in
508 2711 714 2760 medios.
787 2714 963 2762 feretro
1001 2716 1222 2762 Pallante
1258 2723 1456 2776 reposto

187 2837 375 2876 119-149
388 2824 518 2863 MPR
642 2828 720 2866 126
739 2826 955 2866 iustitiane
971 2826 1064 2865 MR
1080 2842 1088 2865 :
1113 2831 1333 2878 utramque
1346 2828 1548 2868 lectionem
1569 2836 1795 2881 agnosczmt

128 2878 368 2919 Prisa‘anus
393 2879 503 2920 Sem.
674 2880 860 2919 laborem
889 2880 946 2918 Ρι
972 2883 1022 2934 (3)
1052 2881 1140 2932 R72
1364 2895 1436 2932 131
1469 2884 1708 2924 subiectare
1735 2885 1790 2923 Pl

132 2945 209 2981 134
238 2934 384 2973 silvam
408 2933 461 2972 M
624 2947 701 2983 140
730 2935 901 2985 conplet
922 2933 990 2972 Μ21
1159 2947 1236 2986 145
1265 2936 1447 2987 iungunt
1475 2937 1549 2976 Mb
1714 2952 1792 2990 149

128 2987 322 3026 Pallanta
342 2987 396 3025 M
397 2990 409 3009 ³
431 2988 555 3040 vulgo
575 3002 584 3027 :
605 2988 832 3027 ablativum
854 2992 1023 3027 testatur
1038 2988 1154 3030 Serv.
1577 2988 1581 2994 ’
1608 3036 1686 3078 25*
