2014 3372
1329 140 1690 190 AENEIDOS
1728 141 1803 189 IX

140 277 296 326 multa
329 275 485 325 virum
523 274 684 326 solido
717 284 920 339 argento
955 277 1172 338 perfecta
1207 276 1491 340 relinquunt

140 374 374 421 armaque
410 365 719 421 craterasque
755 356 901 405 simul
936 358 1271 421 pulchrosque
1307 367 1509 422 tapetas.

142 440 382 501 Euryalus
418 439 642 501 phaleras
680 437 974 486 Rhamnetis
1012 447 1061 486 et
1095 455 1243 488 aurea
1276 438 1424 488 bullis

141 517 349 580 cingula,
387 517 583 566 Tiburti
620 519 836 566 Remulo
871 516 1141 566 ditissimus
1178 518 1298 567 olim
1729 528 1807 577 360

141 615 268 661 quae
305 598 454 647 mittit
489 601 636 658 dona,
674 598 890 662 hospitio
926 616 1041 648 cum
1077 599 1298 663 iungeret
1338 601 1534 660 absens,

143 679 424 739 Caedicus;
472 679 554 728 ille
590 693 691 728 suo>
717 679 932 728 moriens
969 681 1055 729 dat
1090 681 1273 730 habere
1308 681 1513 744 nepoti3

144 757 276 826 [post
313 770 522 810 mortem
560 762 691 809 bello
730 761 904 809 Rutuli
939 778 1204 825 pugnaque
1240 761 1383 824 potiti
1400 760 1434 828 ς]

141 842 264 889 haec
299 840 423 903 rapit
458 850 606 904 atque
642 841 822 890 umeris
858 841 1161 904 nequiquam
1197 842 1404 891 fortibus
1440 852 1587 905 aptat.

142 929 248 968 tum
283 923 474 985 galeam
513 922 733 985 Messapi
768 922 986 972 habilem
1022 923 1279 986 cristisque
1315 925 1548 973 decoram
1727 932 1808 984 365

142 1001 314 1051 induit.
388 1004 634 1052 excedunt
671 1003 839 1052 castris
875 1012 923 1052 et
959 1013 1064 1052 tuta
1099 1013 1377 1066 capessunt.

212 1085 407 1133 Interea
442 1083 696 1146 praemissi
733 1084 922 1147 equites
959 1101 1018 1133 ex
1053 1085 1174 1133 urbe
1212 1084 1400 1144 Latina,

144 1173 305 1212 cetera
340 1165 461 1212 dum
497 1164 625 1228 legio
661 1164 848 1227 campis
884 1164 1120 1213 instructa
1156 1173 1385 1224 moratur,

143 1244 281 1293 ibant
317 1254 366 1294 et
402 1247 573 1293 Turno
609 1244 709 1307 regi
744 1261 981 1308 responsa
1015 1246 1250 1305 ferebant,

144 1335 216 1375 ter
251 1334 466 1385 centum,
506 1325 682 1374 scutati
718 1339 906 1385 omnes,
936 1327 1188 1381 >Volcente
1224 1325 1468 1389 magistro.
1731 1344 1813 1387 370

146 1405 343 1469 iamque
378 1406 779 1470 propinquabant
815 1406 984 1454 castris
1021 1423 1288 1469 murosque
1324 1407 1558 1455 subibant

146 1505 274 1536 cumr
295 1490 467 1550 procul
503 1489 594 1537 hos
630 1490 770 1537 laevo
806 1488 1049 1538 flectentis
1085 1488 1241 1537 limite
1277 1498 1497 1549 cernunt,

146 1579 194 1619 et
229 1571 367 1633 galea
404 1571 670 1633 Euryalum
708 1570 940 1619 sublustri
976 1570 1136 1619 noctis
1173 1570 1224 1618 in
1260 1572 1436 1620 umbra

145 1650 364 1713 prodidit
399 1650 744 1699 immemorem
781 1651 1029 1714 radiisque
1064 1652 1270 1700 adversa
1305 1650 1504 1700 refulsit.

146 1733 281 1780 haud
317 1741 501 1781 temere
536 1742 610 1781 est
644 1732 817 1781 visum.
890 1735 1170 1782 conclamat
1204 1733 1270 1781 ab
1304 1732 1500 1796 agmine
1531 1734 1778 1782 Volcens:

151 1817 319 1873 ‘state‚
357 1813 457 1862 viri.
521 1830 647 1877 quae
683 1831 831 1862 causa
866 1814 1009 1862 viae?
1056 1814 1202 1876 quive
1238 1813 1353 1862 estis
1389 1813 1441 1861 in
1476 1813 1662 1862 armis?
1734 1821 1813 1874 376

149 1911 310 1958 quove
346 1894 522 1944 tenetis
558 1895 709 1944 iter?'
757 1895 879 1943 nihil
914 1895 983 1942 illi
1019 1897 1221 1944 tendere
1258 1904 1442 1954 contra,

149 1976 238 2024 sed
273 1977 482 2024 celerare
518 1977 683 2038 fugam
719 1975 771 2023 in
807 1975 950 2023 silvas
987 1984 1035 2023 et
1070 1976 1222 2023 fidere
1258 1974 1406 2024 nocti.

150 2055 372 2104 obiciunt
407 2055 597 2118 equites
634 2072 741 2105 sese
776 2057 841 2104 ad
877 2055 1085 2104 divortia
1119 2064 1238 2103 nota

150 2136 266 2184 hinc
291 2146 439 2199 atque
463 2136 593 2196 hinc,
621 2153 923 2199 omnemque
947 2136 1137 2184 abitum
1163 2137 1369 2185 custode
1394 2145 1646 2185 coronant.
1738 2146 1834 2195 380>

151 2216 271 2265 silva
305 2217 395 2266 fuit
430 2219 526 2267 late
562 2218 725 2267 dumis
761 2227 910 2281 atque
945 2216 1055 2266 ilice
1091 2217 1228 2279 nigra

151 2298 360 2358 horrida,
401 2316 550 2362 quarn
578 2299 730 2366 'densi
766 2301 1072 2362 complerant
1109 2298 1330 2361 undique
1366 2307 1543 2358 senteS‚

152 2395 256 2427 rara
290 2395 377 2441 per
413 2381 633 2428 occultos
669 2380 866 2428 lucebat
902 2379 1077 2428 semita
1113 2379 1260 2427 callis.

155 2462 420 2522 Euryalum
458 2461 688 2510 tenebrae
724 2477 970 2509 ramorum
1007 2476 1316 2522 onerosaque
1350 2461 1533 2522 praeda

208 2591 399 2640 357-384
419 2589 595 2628 MPRV
787 2591 868 2639 358
898 2589 1203 2641 pulchrosque]
1227 2589 1451 2639 pictosque
1474 2587 1686 2627 Charisius
1705 2588 1819 2628 Beda

156 2646 237 2693 363
267 2645 379 2682 hunc
393 2657 430 2683 v.
455 2657 591 2682 unum
617 2642 665 2682 de
686 2644 969 2682 insolubilibus
990 2657 1072 2682 esse
1097 2648 1237 2682 monet
1253 2642 1383 2690 Serv„
1405 2643 1617 2681 damnant
1640 2643 1822 2694 lVagner

156 2698 325 2736 Ribbeck
419 2700 502 2747 369
521 2698 636 2747 regis
655 2698 665 2718 ⁴
679 2699 721 2736 in
743 2698 936 2736 omnibus
958 2698 1074 2736 bonis
1087 2698 1098 2713 '
1111 2698 1261 2736 stetisse
1285 2697 1380 2735 dicit
1397 2697 1526 2745 Serv„
1541 2696 1690 2747 probat
1706 2697 1821 2735 Thilo

156 2763 235 2801 371
259 2764 464 2801 muroque
477 2751 646 2790 MRb'2c2
666 2751 908 2790 Priscianus
1017 2763 1098 2801 375
1128 2764 1287 2801 aggere
1307 2750 1392 2799 ΡὙι
1504 2752 1585 2799 378
1615 2751 1734 2789 silvis
1752 2750 1822 2801 Ργ

156 2807 238 2854 380
266 2807 349 2844 huc
378 2806 477 2844 illuc
506 2804 671 2843 Nonius
858 2805 1015 2844 abitum
1046 2805 1225 2844 M¹a²b²c
1252 2804 1469 2854 deteriores,
1496 2805 1675 2855 probant
1702 2804 1820 2844 Serv.

158 2860 274 2899 schol.
303 2859 572 2898 Veronensia:
617 2859 778 2897 aditum
813 2857 1124 2910 M²PRV71b¹n
1157 2863 1389 2909 agnoscunt
1410 2858 1526 2898 Serv.
1556 2858 1677 2897 schol.
1704 2856 1820 2896 Vero-

159 2914 300 2953 nensia
483 2915 563 2962 382
594 2913 862 2964 complebant
891 2913 945 2951 M
965 2913 1111 2964 probat
1132 2911 1335 2964 Gathling
1531 2913 1612 2962 383
1642 2912 1821 2951 ducebat

159 2967 420 3018 P²7²b¹c²mvr
441 2966 554 3007 Serv.

210 3046 339 3077 VERG.
1663 3032 1717 3070 22
