2014 3372
1267 175 1689 226 GEORGICON
1728 178 1803 224 IV

133 309 325 375 eligitur
358 314 496 362 locus
517 331 532 375 3
577 314 713 363 hunc
747 313 1043 378 angustique
1078 314 1283 364 imbrice
1319 315 1437 365 tecti

131 391 498 457 parietibusque
532 403 764 458 premunt
799 394 927 455 artis,
967 405 1016 444 et
1052 405 1285 459 quattuor
1319 399 1527 457 addunt,

132 482 362 535 quattuor
395 492 425 523 a
459 475 617 524 ventis
654 475 857 539 obliqua
892 478 1003 524 luce
1038 478 1288 526 fenestras.

130 563 235 603 tum
271 555 450 605 vitulus
486 556 622 605 bima
657 573 863 605 curvans
898 556 999 605 iam
1035 574 1222 606 cornua
1255 560 1416 607 fronte

130 635 406 697 quaeritur,
441 636 557 685 huic
592 636 818 700 geminae
854 654 995 686 nares
1032 647 1081 686 et
1117 638 1313 701 spiritus
1349 639 1445 688 oris
1719 661 1800 701 300

130 718 283 764 multa
319 717 577 765 reluctanti
613 711 894 778 obstruitur,
933 719 1189 783 plagisque
1223 717 1483 783 perempto

128 805 273 845 tunsa
307 814 394 860 per
429 798 668 862 integram
705 801 960 848 solvuntur
994 800 1180 849 viscera
1214 804 1410 864 pellem.

129 877 198 936 sic
233 878 450 940 positum
487 879 538 927 in
574 882 743 929 clauso
772 880 1022 944 linquunt,
1063 891 1111 930 et
1146 899 1312 931 ramea
1348 882 1497 931 costis

122 958 376 1007 subiciunt
411 961 696 1023 fragmenta,
737 963 963 1024 thymum
999 961 1255 1025 casiasque
1291 963 1516 1012 recentis.

127 1040 224 1087 hoc
258 1039 438 1103 geritur
473 1041 707 1104 Zephyris
743 1042 958 1104 primum
994 1043 1363 1106 impellentibus
1399 1046 1574 1104 undaS,
1719 1065 1795 1107 305

124 1130 239 1169 ante
275 1121 414 1170 novis
451 1123 659 1171 rubeant
696 1119 846 1185 quam
878 1133 1021 1186 -pr'ata
1056 1124 1319 1184 coloribus,
1357 1134 1473 1173 ante

123 1204 314 1265 garrula
350 1220 496 1265 quam
535 1203 680 1267 tignis
716 1204 891 1253 nidum
927 1202 1199 1268 suspendat
1233 1206 1463 1256 hirundo.

123 1283 309 1332 interea
344 1284 523 1332 teneris
559 1286 840 1347 tepefactus·
866 1284 919 1332 in
951 1285 1144 1334 ossibus
1178 1302 1322 1334 umor

122 1372 326 1423 aestuat,
366 1373 414 1412 et
448 1364 652 1413 visenda
687 1364 850 1413 modis
885 1365 1118 1414 animalia
1153 1366 1300 1426 miris,

123 1453 296 1493 trunca
331 1447 518 1508 pedum
553 1444 727 1508 primo,
767 1463 884 1495 mox
918 1455 968 1495 et
1003 1447 1259 1498 stridentia
1290 1448 1487 1510 pennis,
1714 1469 1794 1508 310

122 1526 402 1585 miscentur,
442 1535 743 1589 tenuemque
779 1527 933 1591 magis
971 1528 1125 1592 magis
1161 1529 1274 1577 aera
1309 1538 1532 1592 carpunt,

122 1609 284 1656 donec
320 1617 374 1656 ut
409 1608 604 1657 aestivis
640 1605 822 1657 effusus
858 1609 1075 1659 nubibus
1112 1609 1271 1658 imber

122 1705 337 1751 erupere,
376 1698 461 1738 aut
497 1699 551 1738 ut
586 1706 737 1739 nervo
772 1692 1001 1753 pulsante
1037 1691 1241 1754 sagittae

119 1770 278 1833 prima
314 1773 444 1820 leves
480 1771 654 1820 ineunt
690 1772 730 1820 si
766 1774 970 1835 quando
1004 1774 1191 1836 proelia
1228 1773 1408 1822 Parthi.

188 1853 314 1915 Quis
351 1855 474 1902 deus
511 1854 653 1913 hanc,
695 1855 886 1914 Musae,
926 1854 1034 1917 quis
1070 1854 1215 1904 nobis
1252 1855 1442 1904 extudit
1479 1858 1672 1905 artem?
1708 1877 1786 1918 315

120 1935 254 1982 unde
290 1951 418 1983 nova
454 1934 698 1997 ingressus
734 1935 996 1984 hominurn
1033 1935 1332 1999 experientia
1367 1936 1535 1999 cepit?

119 2025 285 2078 pastor
322 2015 574 2064 Aristaeus
611 2015 802 2079 fugiens
840 2015 1024 2065 Peneia
1059 2019 1266 2080 Tempe,

116 2096 322 2155 amissis,
362 2105 415 2144 ut
451 2097 595 2155 fama,
633 2097 809 2159 apibus
845 2098 1122 2161 morboque
1157 2099 1401 2160 fameque,
1448 2102 1450 2105 ’

115 2177 263 2225 tristis
300 2179 365 2226 ad
401 2177 604 2226 extremi
639 2194 832 2226 sacrum
869 2188 1018 2241 caput
1052 2178 1204 2227 astitit
1238 2178 1396 2227 amnis

117 2262 271 2308 multa
307 2277 530 2324 querens,
571 2270 720 2323 atque
756 2261 851 2308 hac
886 2261 1080 2308 adfatus
1116 2277 1239 2309 voce
1274 2269 1563 2322 parentem:
1707 2282 1786 2321 320

121 2344 316 2400 ‘,mater
359 2343 552 2404 Cyrene
587 2350 757 2400 mater,
796 2357 924 2403 quae
959 2340 1159 2404 gurgitis
1195 2340 1341 2389 huius

27 2464 37 2470 .
115 2419 214 2469 ima
250 2430 401 2481 tenes,
443 2422 564 2485 quid
600 2426 681 2470 me
716 2423 965 2484 praeclara
1000 2420 1149 2483 stirpe
1185 2422 1392 2470 deorum

116 2500 177 2565 (si
214 2504 380 2562 modo,
421 2520 571 2565 quem
607 2502 851 2565 perhibes,
890 2510 1028 2564 pater
1060 2510 1136 2550 est
1171 2503 1516 2564 Thymbraeus
1551 2505 1757 2594 Apollo)

109 2581 325 2630 invisum
362 2583 471 2631 fatis
507 2583 758 2647 genuisti?
804 2592 890 2631 aut
925 2596 1027 2645 quo
1062 2582 1153 2630 tibi
1187 2583 1342 2631 nostri

113 2665 282 2725 pulsus
319 2667 494 2712 amor?
542 2664 663 2728 quid
699 2675 780 2713 me
816 2666 1008 2712 caelum
1045 2680 1239 2726 sperare
1274 2663 1534 2712 iubebas?
1682 2687 1776 2725 ⁷325

113 2760 174 2791 en
212 2743 359 2792 etiam
395 2746 529 2793 hunc
564 2745 727 2808 ipsum
763 2745 891 2793 vitae
928 2744 1145 2793 mortalis
1182 2746 1438 2804 honorem,

168 2872 275 2924 296-
279 2873 360 2922 326
371 2872 503 2911 MPR
677 2885 754 2922 301
778 2875 968 2924 opsuitur
983 2873 1034 2911 M
1044 2874 1162 2912 schol.
1179 2874 1303 2913 Bern.
1322 2873 1488 2924 Bentley
1597 2886 1677 2924 307
1698 2874 1775 2925 lig-

112 2927 179 2965 nis
215 2926 258 2964 P
427 2939 504 2979 311
535 2929 672 2975 magis
700 2942 750 2968 ac
777 2930 914 2979 magis
944 2928 1012 2966 Μ1
1017 2930 1060 2967 R
1090 2929 1210 2982 idem,
1243 2943 1356 2969 eraso
1379 2930 1633 2981 praecedente
1660 2937 1774 2979 -que,

112 2978 383 3020 Μεηίεῖιαηαε
401 2982 429 3019 I
446 2981 749 3021 Canomcianus
896 2989 1067 3034 captant
1106 2984 1171 3023 Rc
1370 2995 1448 3033 313
1478 2984 1675 3033 eripuere
1706 2983 1773 3022 R:

112 3047 338 3085 erumpere
377 3034 430 3073 M
434 3035 447 3058 ²
614 3048 696 3086 319
725 3038 910 3090 sacrum]
935 3039 1142 3088 placidum
1164 3038 1216 3076 M
1379 3051 1458 3087 322
1488 3051 1512 3076 a
1531 3039 1663 3087 stirpe
1684 3037 1758 3089 R7

1616 3100 1666 3142 7*
