2014 3372
220 144 272 191 P.
312 143 612 192 VERGILI
651 144 977 194 MARONIS

217 282 434 332 tollitur:
486 283 728 333 invadunt
765 293 813 332 et
849 285 1005 333 fossas
1040 301 1215 348 aggere
1251 286 1518 349 complent,

217 364 435 414 ardentis
472 367 642 414 taedas
679 364 762 413 alii
798 367 863 414 ad
899 365 1091 429 fastigia
1126 365 1322 415 iactant.

220 445 441 495 Ilioneus
478 463 595 494 saxo
631 455 781 509 atque
817 446 1005 509 ingenti
1041 446 1281 510 fragmine
1316 446 1500 496 montis

219 526 480 575 Lucetium
518 536 688 590 portae
725 528 1024 576 subeuntem
1061 526 1287 591 ignisque
1323 530 1577 589 ferentem,
1814 546 1895 591 570

219 608 520 657 Emathiona
556 608 715 672 Liger,
757 610 1073 672 Corynaeum
1110 608 1282 658 sternit
1316 609 1493 669 Asilas,

217 689 297 737 hic
334 689 495 739 iaculo
532 691 710 750 bonus,
746 690 827 739 hic
863 692 1011 753 longe
1047 692 1247 739 fallente
1283 690 1471 755 sagitta,

218 771 476 834 Ortygium
515 773 757 832 Caeneus,
797 771 1036 821 victorem
1075 773 1274 822 Caenea
1309 774 1521 831 Turnus,

216 854 415 901 Turnus
455 855 568 916 Ityn
606 853 958 917 Cloniumque,
1000 853 1307 918 Dioxippum
1345 856 1735 917 Promolumque

216 943 264 982 et
301 933 521 997 Sagarim
559 944 607 983 et
644 934 850 984 summis
888 944 1102 984 stantem
1141 952 1230 998 pro
1267 934 1480 984 turribus
1527 937 1669 996 Idan,
1812 955 1890 998 575

218 1014 507 1064 Privernum
547 1017 725 1080 Capys.
800 1018 935 1065 hunc
972 1017 1133 1080 primo
1169 1016 1289 1066 levis
1326 1018 1467 1065 hasta
1502 1016 1781 1067 Themillae

215 1096 482 1157 strinxerat,
523 1096 605 1146 ille
641 1114 847 1147 manum
883 1098 1106 1161 proiecto
1144 1098 1361 1163 tegmine
1397 1100 1604 1147 demens

213 1179 279 1226 ad
314 1180 493 1227 vulnus
531 1178 675 1240 tulit,·
728 1197 844 1243 ergo
879 1180 968 1229 alis
1004 1182 1211 1244 adlapsa
1247 1179 1422 1244 sagitta

216 1269 265 1308 et
301 1261 442 1308 laevo
478 1261 643 1309 adfixa
679 1270 752 1309 est
789 1261 927 1310 lateri
964 1279 1155 1322 manus,
1195 1261 1466 1325 abditaque
1501 1261 1633 1311 intus

215 1340 516 1405 spiramenta
553 1342 751 1391 animae
788 1343 922 1392 letali
958 1346 1160 1393 vulnere
1196 1343 1338 1407 rupit.
1813 1354 1895 1405 580

214 1423 377 1471 stabat
412 1422 463 1471 in
499 1423 703 1488 egregiis
740 1424 969 1473 Arcentis
1006 1425 1134 1474 filius
1170 1425 1318 1474 armis

215 1503 377 1566 pictus
413 1522 508 1553 acu
543 1507 860 1569 chlamydem
900 1516 949 1556 et
984 1506 1228 1570 ferrugine
1266 1509 1425 1555 clarus
1463 1506 1669 1567 Hibera,

214 1584 419 1648 insignis
456 1585 595 1646 facie,
634 1586 827 1650 genitor
863 1604 1013 1651 quem
1050 1587 1248 1637 miserat
1280 1591 1471 1637 Arcens

215 1668 453 1716 eductum
493 1667 667 1717 Martis
705 1670 819 1718 luco
856 1669 1140 1732 Symaethia
1175 1669 1362 1719 circum

213 1749 433 1809 flumina,
472 1749 669 1813 pinguis
705 1750 792 1799 ubi
829 1760 878 1799 et
913 1751 1168 1814 placabilis
1205 1769 1288 1800 ara
1324 1751 1507 1801 Palici:
1812 1762 1890 1813 585

214 1830 504 1880 stridentem
532 1833 748 1884 fundam
784 1831 957 1894 positis
997 1833 1275 1883 Mezentius
1312 1833 1464 1882 hastis

213 1912 319 1976 ipse
355 1922 428 1961 ter
461 1914 680 1962 adducta
717 1913 901 1962 circum
938 1924 1087 1978 caput
1123 1915 1221 1979 egit
1256 1916 1454 1964 habena

214 2004 263 2042 et
300 1993 465 2042 media
501 1994 694 2043 adversi
730 1994 997 2058 liquefacto
1035 2005 1260 2060 tempora
1294 1997 1503 2059 plumbo

213 2075 394 2125 diffidit
429 2092 488 2124 ac
525 2078 681 2124 multa
717 2086 999 2140 porrectum
1037 2078 1259 2127 extendit
1295 2080 1491 2127 harena.

283 2160 416 2205 Tum
452 2157 669 2219 primum
706 2159 838 2207 bello
876 2161 1087 2209 celerem
1124 2159 1397 2210 intendisse
1433 2158 1660 2224 sagittam
1811 2180 1893 2220 590

214 2238 393 2288 dicitur
428 2248 544 2287 ante
581 2241 706 2288 feras
744 2239 917 2289 solitus
955 2250 1134 2290 terrere
1173 2241 1360 2305 fugacis

212 2319 473 2379 Ascanius,
511 2322 791 2384 fortemque
827 2339 979 2371 manu
1016 2323 1202 2372 fudisse
1245 2325 1550 2382 Numanum,

213 2401 294 2450 cui
331 2403 548 2450 Remulo
585 2419 866 2466 cognomen
903 2413 1019 2463 erat,
1059 2403 1316 2467 Turnique
1354 2403 1597 2453 minorem

212 2499 498 2544 germanam
534 2500 692 2546 nuper
728 2485 949 2534 thalamo
986 2484 1200 2534 sociatus
1237 2486 1466 2534 habebat.

213 2562 253 2611 is
289 2562 499 2626 primam
535 2574 650 2612 ante
685 2565 845 2614 aciem
882 2566 1032 2630 digna
1066 2576 1217 2630 atque
1252 2566 1456 2630 indigna
1491 2568 1646 2616 relatu
1807 2586 1887 2629 595

213 2643 487 2692 vociferans
524 2644 847 2708 tumidusque
884 2664 1015 2696 novo
1053 2647 1342 2710 praecordia
1377 2665 1528 2711 regno

213 2724 315 2773 ibat
351 2734 400 2774 et
436 2725 688 2788 ingentem
726 2744 833 2776 sese
870 2730 1085 2777 clamore
1127 2729 1346 2777 ferebat:

268 2857 458 2905 567-597
496 2855 628 2895 MPR
921 2871 1002 2908 579
1032 2859 1165 2897 infixa
1199 2858 1339 2896 MRbc
1521 2856 1691 2907 manus]
1722 2857 1887 2896 eminus

216 2909 375 2948 Gemoll
482 2912 562 2960 584
592 2912 739 2950 matris
770 2926 799 2962 ’γ
819 2912 1067 2963 Macrobius,
1089 2913 1256 2953 editores
1267 2914 1475 2965 plerique:
1505 2913 1631 2951 matis
1659 2910 1694 2951 cl
1805 2912 1888 2962 586

213 2963 367 3015 hastis]
399 2967 527 3003 armis
546 2965 699 3015 R7²cm
