2014 3372
212 151 265 199 P.
306 150 603 199 VERGILI
643 148 969 199 MARONIS

212 291 482 355 corripiunt
517 289 733 354 spatium
770 287 993 337 medium
1030 286 1318 351 foribusque
1354 284 1715 351 propinquant(
1755 302 1758 308 ¹

210 382 425 437 occupat
460 375 659 421 Aeneas
695 369 887 420 aditum
924 386 1206 434 corpusque
1243 369 1429 419 recenti
1807 377 1886 430 635

212 454 395 519 spargit
430 471 561 518 aqua
597 470 892 516 ramumque
927 454 1137 502 adverso
1174 452 1224 500 in
1261 452 1432 501 limine
1469 450 1586 516 figit.

280 536 377 584 His
415 537 620 584 demum
657 534 854 594 exactis,
893 536 1112 598 perfecto
1149 550 1354 582 munere
1390 532 1548 594 divae,

210 619 455 667 devenere
491 619 630 666 locos
667 618 822 665 laetos
859 624 908 665 et
943 632 1156 665 amoena
1192 614 1375 664 virecta

209 700 572 747 fortunatorum
610 714 873 747 nemorum
911 699 1156 760 sedesque
1193 696 1377 745 beataS.

208 780 386 843 largior
422 780 503 829 hic
541 796 745 843 campos
781 781 952 828 aether
987 788 1037 828 et
1073 778 1261 828 lumine
1297 778 1442 828 vestit
1806 784 1890 837 640

208 878 471 925 purpureo,
510 864 769 925 solemque
805 878 964 921 suum,
1006 878 1094 910 sua
1129 860 1291 910 sidera
1326 868 1521 909 norunt.

208 961 319 1007 pars
356 943 407 992 in
443 943 707 1008 gramineis
745 952 974 993 exercent
1011 943 1235 992 membra
1271 941 1539 1006 palaestris,

207 1027 522 1075 contendunt
558 1027 680 1075 ludo
717 1034 766 1075 et
802 1027 934 1074 fulva
969 1027 1218 1074 luctantur
1254 1026 1467 1086 harena3

154 1163 159 1167 ,
207 1123 318 1170 pars
355 1107 569 1170 pedibus
606 1109 852 1170 plaudunt
888 1108 1094 1156 choreas
1131 1111 1180 1155 et
1216 1106 1434 1155 carmina
1470 1105 1657 1155 dicunt.

207 1205 301 1237 nec
338 1205 441 1237 non
478 1188 737 1238 Threicius
774 1190 922 1252 longa
958 1206 1073 1237 cum
1110 1197 1246 1237 veste
1282 1189 1513 1237 sacerdos
1804 1195 1884 1250 645

207 1270 495 1333 obloquitur
530 1270 747 1319 numeris
785 1279 977 1334 septem
1014 1269 1299 1319 discrimina
1333 1287 1529 1329 vocum,

207 1351 407 1415 iamque
444 1353 622 1401 eadem
659 1351 838 1415 digitis,
877 1351 976 1400 iam
1014 1350 1211 1415 pectine
1247 1353 1409 1415 pulsat
1445 1352 1649 1400 eburno.

207 1434 288 1483 hic
323 1450 479 1497 genus
515 1433 777 1496 antiquum
814 1432 1009 1492 Teucri,
1048 1433 1377 1496 pulcherrima
1412 1434 1588 1496 proles,

208 1514 512 1579 magnanimi
547 1516 738 1574 heroes,
779 1514 882 1564 nati
919 1513 1205 1563 melioribus
1242 1513 1399 1574 annis,

209 1599 413 1661 Ilusque
449 1599 822 1660 Assaracusque
858 1604 907 1645 et
943 1595 1123 1645 Troiae
1162 1597 1426 1644 Dardanus
1463 1603 1647 1644 auctor.
1803 1603 1886 1656 650

206 1696 343 1727 arma
379 1680 553 1742 procul
590 1695 861 1741 currusque
897 1677 1056 1726 virum
1093 1676 1295 1725 miratur
1331 1676 1504 1726 inanis.

206 1769 336 1809 stant
374 1769 500 1809 terra
535 1761 727 1809 defixae
764 1761 934 1808 hastae
970 1758 1254 1822 passimque
1291 1758 1439 1807 soluti
1542 1811 1546 1814 ,

205 1859 292 1905 per
327 1858 562 1904 campum
599 1850 868 1903 pascuntur
904 1840 1034 1904 equi.
1108 1856 1237 1903 quae
1272 1840 1426 1903 gratia
1461 1855 1659 1888 currum

204 1939 557 1985 armorumque
593 1922 684 1970 fuit
719 1921 855 1981 vivis,
896 1938 1024 1985 quae
1060 1938 1177 1969 cura
1213 1920 1414 1969 nitentis

203 2021 405 2067 pascere
442 2020 611 2066 equos,
652 2004 829 2051 eadem
866 2002 1087 2066 sequitur
1123 2004 1295 2050 tellure
1332 2010 1568 2065 repostos
1801 2010 1880 2063 655

204 2084 461 2148 conspicit,
501 2102 633 2144 ecce,
671 2084 794 2133 alios
831 2085 1002 2133 dextra
1036 2086 1275 2147 laevaque
1310 2100 1398 2146 per
1433 2084 1639 2133 herbam

202 2167 446 2217 vescentis
483 2169 770 2230 laetumque
807 2168 961 2216 choro
997 2183 1188 2230 paeana
1224 2165 1446 2215 canentis

203 2249 329 2299 inter
365 2251 628 2299 odoratum
665 2248 788 2297 lauri
824 2266 1015 2309 nemus,
1055 2250 1191 2298 unde
1228 2265 1440 2312 superne

202 2331 442 2394 plurimus
481 2330 685 2380 Eridani
721 2348 808 2394 per
843 2330 1016 2380 silvam
1052 2330 1262 2380 volvitur
1297 2330 1469 2379 amnis.

202 2412 283 2462 hic
319 2430 496 2462 manus
534 2414 600 2462 ob
637 2412 846 2476 patriam
883 2414 1155 2475 pugnando
1191 2414 1395 2461 vulnera
1430 2410 1575 2475 passi,
1798 2418 1879 2460 660

202 2494 387 2557 quique
424 2495 707 2543 sacerdotes
744 2494 880 2554 casti,
920 2496 1040 2543 dum
1079 2493 1179 2542 vita
1214 2494 1462 2553 manebat,

201 2575 386 2638 quique
423 2575 491 2638 pii
527 2584 662 2624 vates
700 2585 748 2625 et
786 2576 994 2625 Phoebo
1031 2575 1181 2639 digna
1216 2575 1383 2634 locuti,

201 2657 425 2706 inventas
461 2667 546 2708 aut
583 2657 668 2720 qui
705 2657 856 2707 vitam
893 2659 1151 2707 excoluere
1187 2674 1275 2720 per
1309 2656 1439 2716 artis,

201 2739 386 2802 quique
423 2739 498 2788 sui
538 2757 783 2789 memores
819 2739 942 2788 alios
979 2742 1139 2788 fecere
1176 2740 1445 2788 merendo:

254 2870 446 2918 634-664
466 2869 632 2908 FMPR
771 2871 852 2917 640
874 2882 1047 2919 campus
1059 2868 1264 2919 F1R72b¹z
1289 2866 1518 2919 campisP1
1601 2867 1681 2917 647
1703 2866 1871 2919 eadem]

201 2924 329 2962 fidem
351 2922 587 2963 Markland
750 2926 828 2974 651
862 2924 1069 2962 mirantur
1107 2923 1319 2974 FM72b⁰c2
1503 2923 1585 2972 652
1616 2927 1757 2960 terrae
1794 2920 1877 2960 Fbc

200 2979 280 3026 653
311 2990 511 3017 curruum
532 2979 574 3016 F
576 2977 696 3028 2P17²
904 2980 982 3016 661
1018 2984 1212 3017 maneret
1230 2978 1396 3017 Nonius
1597 2978 1677 3026 664
1707 2975 1876 3026 aliquos'

199 3030 495 3082 FIMPR7b101
516 3032 631 3072 Serv.
655 3047 663 3071 τ
694 3032 884 3081 reliquos
902 3032 1134 3071 Scrinerius
