2014 3372
1361 137 1722 187 AENEIDOS
1758 137 1864 185 XII

201 288 250 329 et
284 289 422 344 pater
457 278 774 342 omnipotens
811 288 860 328 et
895 287 948 327 tu
985 277 1212 327 Saturnia
1247 277 1475 337 coniunx,

199 359 298 409 iam
334 359 518 419 melior,
558 359 671 420 iam,
709 358 837 419 diva,
874 375 1049 423 precor
1065 377 1079 419 3
1126 367 1279 421 tuque
1315 357 1500 406 inclute
1536 359 1749 416 Mavors,

199 450 378 489 cuncta
413 450 500 490 tuo
536 439 621 503 qui
655 440 800 499 bella,
839 448 988 503 pater,
1029 439 1122 487 sub
1159 438 1364 487 numine
1399 447 1599 500 torques
1614 455 1628 498 3
1789 445 1867 484 180

201 524 241 568 F
243 521 472 584 ontisque
509 520 809 583 Fluviosque
844 537 983 578 voco,
1024 536 1252 583 quaeque
1286 518 1497 568 aetheris
1531 518 1618 567 alti

199 601 366 664 religio
402 610 451 650 et
486 618 614 664 quae
649 602 876 650 caeruleo
911 609 1028 649 sunt
1062 600 1268 648 numina
1302 608 1486 663 ponto:

199 682 398 730 cesserit
432 682 660 731 Ausonio
694 681 736 730 si
770 684 877 730 fors>
905 680 1109 730 victoria
1143 684 1328 740 Turno,

147 811 150 813 .
198 762 431 812 convenit
467 762 689 812 Euandri
723 762 879 812 victos
915 762 1170 812 discedere
1204 764 1268 811 ad
1303 763 1492 821 urbem,

198 846 342 893 cedet
379 846 516 892 Iulus
552 844 690 907 agris,
730 861 824 892 nec
859 853 973 907 post
1007 861 1144 892 arma
1178 845 1279 891 ulla
1314 843 1521 892 rebelles
1790 852 1863 901 185

197 927 466 974 Aeneadae
500 927 710 974 referent
745 927 934 974 ferrove
964 927 1093 974 haec
1129 942 1277 988 regna
1312 927 1568 974 lacessent.

198 1005 273 1054 sin
309 1015 532 1054 nostrum
566 1006 794 1055 adnuerit
829 1006 974 1055 nobis
1010 1005 1230 1054 Victoria
1266 1008 1480 1054 Martem

198 1088 274 1150 (ut
308 1086 472 1150 potius
508 1104 616 1136 reor
651 1097 700 1136 et
734 1087 900 1150 potius
936 1087 988 1136 di
1023 1087 1228 1136 numine
1263 1086 1495 1151 firment),

196 1186 298 1218 non
335 1187 427 1233 ego
462 1187 555 1219 nec
590 1171 795 1219 Teucris
834 1173 986 1219 Italos
1022 1187 1190 1234 parere
1224 1170 1410 1219 iubebo

196 1267 289 1299 nec
325 1251 446 1298 mihi
482 1268 630 1315 regna
665 1261 814 1315 peto:
863 1251 1063 1314 paribus
1099 1268 1152 1299 se
1188 1250 1377 1313 legibus
1412 1250 1590 1299 ambae
1788 1269 1865 1312 190

195 1331 405 1382 invictae
439 1343 611 1396 gentes
646 1342 846 1382 aeterna
880 1333 932 1380 in
968 1334 1168 1382 foedera
1203 1332 1411 1380 mittant.

195 1429 332 1462 sacra
366 1416 587 1477 deosque
623 1415 756 1463 dabo
774 1433 787 1475 3
836 1431 976 1463 socer
1010 1431 1146 1462 arma
1183 1413 1387 1462 Latinus
1422 1414 1618 1472 habeto,

194 1493 454 1557 imperium
491 1497 730 1544 sollemne
767 1512 939 1556 socer3
986 1495 1108 1542 mihi
1144 1494 1341 1544 moenia
1375 1494 1555 1543 Teucri

194 1576 496 1625 constituent
533 1576 744 1638 urbique
780 1576 920 1624 dabit
957 1575 1163 1624 Lavinia
1197 1578 1411 1624 nomen.'

261 1655 341 1703 Sic
376 1655 508 1719 prior
542 1658 751 1715 Aeneas,
793 1656 1013 1719 sequitur
1049 1656 1118 1704 sic
1154 1655 1337 1705 deinde
1374 1655 1579 1704 Latinus
1782 1673 1860 1717 195

194 1736 465 1798 suspiciens
501 1739 707 1795 caelum,
748 1737 1007 1800 tenditque
1043 1738 1108 1785 ad
1145 1737 1304 1785 sidera
1339 1738 1589 1785 dextram:

198 1821 209 1841 ‘
227 1818 350 1865 haec
385 1819 575 1877 eadem,
614 1820 799 1876 Aenea,
840 1827 1029 1876 terram,
1070 1835 1216 1876 mare,
1256 1817 1427 1876 sidera,
1467 1817 1574 1865 iuro

193 1898 515 1961 Latonaeque
550 1915 704 1960 genus
741 1900 925 1961 duplex
962 1901 1241 1961 Ianumque
1277 1898 1554 1956 bifrontem,

191 1977 391 2041 vimque
427 1980 577 2027 deum
613 1979 855 2027 infernam
892 1988 940 2027 et
976 1979 1087 2028 duri
1122 1978 1328 2027 sacraria
1364 1978 1528 2038 Ditis;

191 2058 360 2107 audiat
395 2061 517 2108 haec
552 2059 743 2123 genitor
779 2060 865 2122 qui
902 2061 1102 2108 foedera
1137 2059 1343 2108 fulmine
1380 2058 1548 2107 sancit.
1783 2078 1861 2107 200

193 2147 341 2202 tango
376 2157 495 2198 aras,
536 2140 728 2190 medios
765 2141 890 2204 ignis
927 2149 976 2189 et
1012 2140 1218 2188 numina
1252 2148 1431 2189 testor:

191 2222 326 2268 nulla
362 2221 466 2270 dies
502 2239 677 2285 pacem
713 2224 842 2270 hanc
883 2221 1020 2270 Italis
1058 2237 1152 2268 nec
1186 2221 1387 2269 foedera
1421 2228 1629 2281 rumpet,

191 2317 292 2362 quo
328 2319 403 2350 res
439 2319 653 2365 cumque
690 2305 870 2352 cadent
886 2321 899 2363 3
947 2318 1041 2350 nec
1077 2317 1159 2349 me
1193 2299 1265 2348 vis
1301 2301 1400 2348 ulla
1435 2301 1683 2348 volentem

190 2392 387 2443 avertet,
426 2402 541 2444 non,
582 2386 622 2433 si
659 2388 882 2434 tellurem
919 2385 1140 2434 effundat
1175 2382 1227 2430 in
1262 2383 1423 2430 undas

191 2464 376 2513 diluvio
413 2466 625 2515 miscens
661 2468 954 2529 caelumque
989 2466 1041 2513 in
1076 2467 1280 2512 Tartara
1314 2464 1482 2522 solvat,
1780 2482 1855 2523 ²05

190 2553 244 2592 ut
269 2555 516 2607 sceptrum
542 2548 638 2595 hoc
654 2549 664 2568 '
681 2575 747 2581 —-
762 2549 931 2595 dextra
956 2555 1204 2610 sceptrum
1231 2560 1346 2592 nam
1372 2545 1495 2592 forte
1520 2544 1787 2606 gerebat-

195 2629 494 2688 ‘numquam
529 2628 704 2675 fronde
740 2626 835 2674 levi
870 2628 1043 2675 fundet
1079 2626 1284 2689 virgulta
1320 2641 1413 2673 nec
1448 2624 1660 2682 umbras,

190 2721 304 2752 cum
341 2708 493 2754 semel
529 2706 579 2754 in
616 2706 746 2754 silvis
783 2706 884 2756 imo
920 2709 984 2756 de
1020 2706 1168 2770 stirpe
1205 2705 1415 2754 recisum

247 2836 435 2885 178-208
454 2834 585 2875 MPR
745 2838 821 2886 178
851 2835 1059 2888 coniunx]
1082 2837 1191 2875 Iuno
1213 2834 1267 2874 M
1269 2834 1423 2874 ¹a²cmn
1444 2832 1557 2873 Serv.
1678 2834 1754 2882 184
1784 2835 1854 2873 de-

190 2890 344 2929 cedere
362 2889 423 2928 M¹
542 2892 619 2930 188
638 2892 814 2941 propius
828 2892 869 2931 di
882 2891 925 2929 R
1017 2891 1190 2929 numina
1202 2889 1334 2940 P²R7
1445 2902 1525 2927 202
1558 2893 1723 2937 rumpat
1741 2887 1854 2939 P27:

190 2944 345 2992 r'umpit
365 2943 422 2981 Pl
588 2947 669 2984 208
699 2945 802 2998 imo]
823 2946 918 2984 vivo
938 2944 1058 2984 codex
1076 2944 1393 2995 Damntn'ensis,
1411 2942 1561 2994 probat
1583 2942 1784 2994 Gathling

1606 3010 1608 3013 ¹
1661 3015 1739 3056 27*
