<?xml version="1.0" encoding="UTF-8"?>
<!DOCTYPE html PUBLIC "-//W3C//DTD XHTML 1.0 Transitional//EN"
    "http://www.w3.org/TR/xhtml1/DTD/xhtml1-transitional.dtd">
<html xmlns="http://www.w3.org/1999/xhtml" xml:lang="en" lang="en">
 <head>
  <title>
</title>
<meta http-equiv="Content-Type" content="text/html;charset=utf-8" />
  <meta name='ocr-system' content='tesseract 3.04.00' />
  <meta name='ocr-capabilities' content='ocr_page ocr_carea ocr_par ocr_line ocrx_word'/>
</head>
<body>
  <div class='ocr_page' id='page_1' title='image "./operarecognovitb00virguoft/operarecognovitb00virguoft_0303.png"; bbox 0 0 2014 3372; ppageno 0'>
   <div class='ocr_carea' id='block_1_1' title="bbox 1303 149 1806 206">
    <p class='ocr_par' dir='ltr' id='par_1_1' title="bbox 1303 149 1806 206">
     <span class='ocr_line' id='line_1_1' title="bbox 1303 149 1806 206; baseline 0.002 -10"><span class='ocrx_word' id='word_1_1' title='bbox 1303 149 1665 198; x_wconf 91' lang='lat' dir='ltr'>AENEIDOS</span> <span class='ocrx_word' id='word_1_2' title='bbox 1701 150 1806 206; x_wconf 90' lang='lat' dir='ltr'>VII</span> 
     </span>
    </p>
   </div>
   <div class='ocr_carea' id='block_1_2' title="bbox 118 283 1805 2534">
    <p class='ocr_par' dir='ltr' id='par_1_2' title="bbox 139 283 1516 351">
     <span class='ocr_line' id='line_1_2' title="bbox 139 283 1516 351; baseline 0.004 -17"><span class='ocrx_word' id='word_1_3' title='bbox 139 283 319 334; x_wconf 92' lang='lat' dir='ltr'>deserit</span> <span class='ocrx_word' id='word_1_4' title='bbox 357 284 654 347; x_wconf 85' lang='lat' dir='ltr'>Hesperiam</span> <span class='ocrx_word' id='word_1_5' title='bbox 690 294 740 334; x_wconf 93' lang='lat' dir='ltr'>et</span> <span class='ocrx_word' id='word_1_6' title='bbox 776 285 899 335; x_wconf 90' lang='lat' dir='ltr'>caeli</span> <span class='ocrx_word' id='word_1_7' title='bbox 936 291 1187 339; x_wconf 61' lang='lat' dir='ltr'>&#39;tconvexa</span> <span class='ocrx_word' id='word_1_8' title='bbox 1221 304 1308 351; x_wconf 93' lang='lat' dir='ltr'>per</span> <span class='ocrx_word' id='word_1_9' title='bbox 1341 292 1516 340; x_wconf 80' lang='lat' dir='ltr'>auras†</span> 
     </span>
    </p>

    <p class='ocr_par' dir='ltr' id='par_1_3' title="bbox 140 364 1257 431">
     <span class='ocr_line' id='line_1_3' title="bbox 140 364 1257 431; baseline 0.004 -19"><span class='ocrx_word' id='word_1_10' title='bbox 140 366 386 413; x_wconf 93' lang='lat' dir='ltr'>Iunonem</span> <span class='ocrx_word' id='word_1_11' title='bbox 422 364 593 413; x_wconf 87' lang='lat' dir='ltr'>victrix</span> <span class='ocrx_word' id='word_1_12' title='bbox 627 367 821 414; x_wconf 84' lang='lat' dir='ltr'>adfatur</span> <span class='ocrx_word' id='word_1_13' title='bbox 855 383 978 416; x_wconf 92' lang='lat' dir='ltr'>voce</span> <span class='ocrx_word' id='word_1_14' title='bbox 1015 368 1257 431; x_wconf 91' lang='lat' dir='ltr'>superba:</span> 
     </span>
    </p>

    <p class='ocr_par' dir='ltr' id='par_1_4' title="bbox 137 445 1805 674">
     <span class='ocr_line' id='line_1_4' title="bbox 140 445 1805 510; baseline 0.004 -18"><span class='ocrx_word' id='word_1_15' title='bbox 140 449 243 504; x_wconf 91' lang='lat' dir='ltr'>‘en,</span> <span class='ocrx_word' id='word_1_16' title='bbox 283 447 499 509; x_wconf 91' lang='lat' dir='ltr'>perfecta</span> <span class='ocrx_word' id='word_1_17' title='bbox 534 445 624 494; x_wconf 91' lang='lat' dir='ltr'>tibi</span> <span class='ocrx_word' id='word_1_18' title='bbox 661 447 793 495; x_wconf 93' lang='lat' dir='ltr'>bello</span> <span class='ocrx_word' id='word_1_19' title='bbox 829 447 1077 496; x_wconf 86' lang='lat' dir='ltr'>discordia</span> <span class='ocrx_word' id='word_1_20' title='bbox 1113 448 1271 509; x_wconf 76' lang='lat' dir='ltr'>tristi3</span> <span class='ocrx_word' id='word_1_21' title='bbox 1712 470 1805 510; x_wconf 85' lang='lat'><strong>-545</strong></span> 
     </span>
     <span class='ocr_line' id='line_1_5' title="bbox 137 525 1392 593; baseline 0.003 -18"><span class='ocrx_word' id='word_1_22' title='bbox 137 525 217 575; x_wconf 91' lang='lat' dir='ltr'>dic</span> <span class='ocrx_word' id='word_1_23' title='bbox 252 526 303 574; x_wconf 92' lang='lat' dir='ltr'>in</span> <span class='ocrx_word' id='word_1_24' title='bbox 339 526 608 577; x_wconf 81' lang='lat' dir='ltr'><strong>amicitiam</strong></span> <span class='ocrx_word' id='word_1_25' title='bbox 644 538 821 577; x_wconf 91' lang='lat' dir='ltr'>coeant</span> <span class='ocrx_word' id='word_1_26' title='bbox 857 538 906 577; x_wconf 94' lang='lat' dir='ltr'>et</span> <span class='ocrx_word' id='word_1_27' title='bbox 941 531 1141 578; x_wconf 83' lang='lat' dir='ltr'><strong>foedera</strong></span> <span class='ocrx_word' id='word_1_28' title='bbox 1176 530 1392 593; x_wconf 88' lang='lat' dir='ltr'>iungant.</span> 
     </span>
     <span class='ocr_line' id='line_1_6' title="bbox 137 607 1596 674; baseline 0.004 -19"><span class='ocrx_word' id='word_1_29' title='bbox 137 607 547 671; x_wconf 92' lang='lat' dir='ltr'>quandoquidem</span> <span class='ocrx_word' id='word_1_30' title='bbox 583 609 810 658; x_wconf 93' lang='lat' dir='ltr'>Ausonio</span> <span class='ocrx_word' id='word_1_31' title='bbox 846 610 1052 673; x_wconf 91' lang='lat' dir='ltr'>respersi</span> <span class='ocrx_word' id='word_1_32' title='bbox 1088 611 1326 674; x_wconf 87' lang='lat' dir='ltr'>sanguine</span> <span class='ocrx_word' id='word_1_33' title='bbox 1362 614 1596 672; x_wconf 89' lang='lat' dir='ltr'>Teucros,</span> 
     </span>
    </p>

    <p class='ocr_par' dir='ltr' id='par_1_5' title="bbox 133 688 1581 833">
     <span class='ocr_line' id='line_1_7' title="bbox 134 688 1581 751; baseline 0.004 -16"><span class='ocrx_word' id='word_1_34' title='bbox 134 690 231 736; x_wconf 94' lang='lat' dir='ltr'>hoc</span> <span class='ocrx_word' id='word_1_35' title='bbox 267 688 415 737; x_wconf 90' lang='lat' dir='ltr'>etiam</span> <span class='ocrx_word' id='word_1_36' title='bbox 452 689 528 738; x_wconf 92' lang='lat' dir='ltr'>his</span> <span class='ocrx_word' id='word_1_37' title='bbox 564 691 762 751; x_wconf 84' lang='lat' dir='ltr'>addam,</span> <span class='ocrx_word' id='word_1_38' title='bbox 802 700 888 740; x_wconf 89' lang='lat' dir='ltr'>tua</span> <span class='ocrx_word' id='word_1_39' title='bbox 923 691 963 740; x_wconf 92' lang='lat' dir='ltr'>si</span> <span class='ocrx_word' id='word_1_40' title='bbox 999 691 1121 740; x_wconf 89' lang='lat' dir='ltr'>mihi</span> <span class='ocrx_word' id='word_1_41' title='bbox 1156 702 1288 741; x_wconf 89' lang='lat' dir='ltr'>certa</span> <span class='ocrx_word' id='word_1_42' title='bbox 1322 694 1581 741; x_wconf 89' lang='lat' dir='ltr'>voluntas:</span> 
     </span>
     <span class='ocr_line' id='line_1_8' title="bbox 133 768 1320 833; baseline 0.005 -17"><span class='ocrx_word' id='word_1_43' title='bbox 133 768 365 818; x_wconf 90' lang='lat' dir='ltr'>finitimas</span> <span class='ocrx_word' id='word_1_44' title='bbox 402 769 453 817; x_wconf 92' lang='lat' dir='ltr'>in</span> <span class='ocrx_word' id='word_1_45' title='bbox 489 771 620 818; x_wconf 90' lang='lat' dir='ltr'>bella</span> <span class='ocrx_word' id='word_1_46' title='bbox 654 773 807 819; x_wconf 87' lang='lat' dir='ltr'>feram</span> <span class='ocrx_word' id='word_1_47' title='bbox 843 772 1122 821; x_wconf 90' lang='lat' dir='ltr'>rumoribus</span> <span class='ocrx_word' id='word_1_48' title='bbox 1160 774 1320 833; x_wconf 85' lang='lat' dir='ltr'>urbeS,</span> 
     </span>
    </p>

    <p class='ocr_par' dir='ltr' id='par_1_6' title="bbox 130 851 1802 1158">
     <span class='ocr_line' id='line_1_9' title="bbox 131 851 1802 914; baseline 0.004 -17"><span class='ocrx_word' id='word_1_49' title='bbox 131 853 502 914; x_wconf 82' lang='lat' dir='ltr'>accendamque</span> <span class='ocrx_word' id='word_1_50' title='bbox 537 851 730 901; x_wconf 89' lang='lat' dir='ltr'>animos</span> <span class='ocrx_word' id='word_1_51' title='bbox 766 852 926 901; x_wconf 92' lang='lat' dir='ltr'>insani</span> <span class='ocrx_word' id='word_1_52' title='bbox 965 854 1137 902; x_wconf 87' lang='lat' dir='ltr'>Martis</span> <span class='ocrx_word' id='word_1_53' title='bbox 1173 872 1340 908; x_wconf 89' lang='lat' dir='ltr'>amore</span> <span class='ocrx_word' id='word_1_54' title='bbox 1722 874 1802 914; x_wconf 82' lang='lat'>550</span> 
     </span>
     <span class='ocr_line' id='line_1_10' title="bbox 131 931 1698 999; baseline 0.003 -21"><span class='ocrx_word' id='word_1_55' title='bbox 131 931 353 993; x_wconf 90' lang='lat' dir='ltr'>undique</span> <span class='ocrx_word' id='word_1_56' title='bbox 388 941 442 980; x_wconf 92' lang='lat' dir='ltr'>ut</span> <span class='ocrx_word' id='word_1_57' title='bbox 477 932 658 981; x_wconf 86' lang='lat' dir='ltr'>auxilio</span> <span class='ocrx_word' id='word_1_58' title='bbox 694 933 927 994; x_wconf 78' lang='lat' dir='ltr'>veniant3</span> <span class='ocrx_word' id='word_1_59' title='bbox 975 951 1199 998; x_wconf 86' lang='lat' dir='ltr'>spargam</span> <span class='ocrx_word' id='word_1_60' title='bbox 1234 953 1370 983; x_wconf 90' lang='lat' dir='ltr'>arma</span> <span class='ocrx_word' id='word_1_61' title='bbox 1404 953 1493 999; x_wconf 92' lang='lat' dir='ltr'>per</span> <span class='ocrx_word' id='word_1_62' title='bbox 1526 937 1698 998; x_wconf 71' lang='lat' dir='ltr'>agros.²</span> 
     </span>
     <span class='ocr_line' id='line_1_11' title="bbox 130 1016 1645 1064; baseline 0.003 -5"><span class='ocrx_word' id='word_1_63' title='bbox 130 1021 236 1059; x_wconf 92' lang='lat' dir='ltr'>tum</span> <span class='ocrx_word' id='word_1_64' title='bbox 273 1023 443 1061; x_wconf 89' lang='lat' dir='ltr'>contra</span> <span class='ocrx_word' id='word_1_65' title='bbox 482 1016 642 1063; x_wconf 91' lang='lat' dir='ltr'>Iuno:</span> <span class='ocrx_word' id='word_1_66' title='bbox 696 1019 961 1064; x_wconf 87' lang='lat' dir='ltr'>‘terrorum</span> <span class='ocrx_word' id='word_1_67' title='bbox 998 1025 1047 1064; x_wconf 94' lang='lat' dir='ltr'>et</span> <span class='ocrx_word' id='word_1_68' title='bbox 1082 1016 1266 1064; x_wconf 88' lang='lat' dir='ltr'>fraudis</span> <span class='ocrx_word' id='word_1_69' title='bbox 1301 1017 1503 1064; x_wconf 86' lang='lat' dir='ltr'>abunde</span> <span class='ocrx_word' id='word_1_70' title='bbox 1540 1025 1645 1064; x_wconf 84' lang='lat' dir='ltr'>est:</span> 
     </span>
     <span class='ocr_line' id='line_1_12' title="bbox 130 1093 1434 1158; baseline 0.005 -19"><span class='ocrx_word' id='word_1_71' title='bbox 130 1101 259 1140; x_wconf 92' lang='lat' dir='ltr'>stant</span> <span class='ocrx_word' id='word_1_72' title='bbox 294 1093 411 1141; x_wconf 92' lang='lat' dir='ltr'>belli</span> <span class='ocrx_word' id='word_1_73' title='bbox 447 1111 637 1154; x_wconf 90' lang='lat' dir='ltr'>causae,</span> <span class='ocrx_word' id='word_1_74' title='bbox 676 1104 922 1158; x_wconf 86' lang='lat' dir='ltr'>pugnatur</span> <span class='ocrx_word' id='word_1_75' title='bbox 957 1096 1237 1145; x_wconf 90' lang='lat' dir='ltr'>comminus</span> <span class='ocrx_word' id='word_1_76' title='bbox 1273 1096 1434 1156; x_wconf 84' lang='lat' dir='ltr'>armis,</span> 
     </span>
    </p>

    <p class='ocr_par' dir='ltr' id='par_1_7' title="bbox 129 1174 1580 1239">
     <span class='ocr_line' id='line_1_13' title="bbox 129 1174 1580 1239; baseline 0.003 -18"><span class='ocrx_word' id='word_1_77' title='bbox 129 1189 256 1235; x_wconf 88' lang='lat' dir='ltr'>quae</span> <span class='ocrx_word' id='word_1_78' title='bbox 291 1175 388 1222; x_wconf 92' lang='lat' dir='ltr'>fors</span> <span class='ocrx_word' id='word_1_79' title='bbox 424 1174 583 1236; x_wconf 92' lang='lat' dir='ltr'>prima</span> <span class='ocrx_word' id='word_1_80' title='bbox 617 1175 756 1224; x_wconf 89' lang='lat' dir='ltr'>dedit</span> <span class='ocrx_word' id='word_1_81' title='bbox 793 1176 989 1239; x_wconf 87' lang='lat' dir='ltr'>sanguis</span> <span class='ocrx_word' id='word_1_82' title='bbox 1025 1194 1183 1225; x_wconf 92' lang='lat' dir='ltr'>novus</span> <span class='ocrx_word' id='word_1_83' title='bbox 1219 1176 1398 1225; x_wconf 90' lang='lat' dir='ltr'>imbuit</span> <span class='ocrx_word' id='word_1_84' title='bbox 1432 1194 1580 1225; x_wconf 88' lang='lat' dir='ltr'>arma.</span> 
     </span>
    </p>

    <p class='ocr_par' dir='ltr' id='par_1_8' title="bbox 127 1254 1794 1402">
     <span class='ocr_line' id='line_1_14' title="bbox 127 1254 1794 1320; baseline 0.004 -19"><span class='ocrx_word' id='word_1_85' title='bbox 127 1254 242 1302; x_wconf 89' lang='lat' dir='ltr'>talia</span> <span class='ocrx_word' id='word_1_86' title='bbox 278 1254 506 1318; x_wconf 85' lang='lat' dir='ltr'>coniugia</span> <span class='ocrx_word' id='word_1_87' title='bbox 534 1266 589 1304; x_wconf 77' lang='lat' dir='ltr'>vet</span> <span class='ocrx_word' id='word_1_88' title='bbox 624 1256 732 1304; x_wconf 89' lang='lat' dir='ltr'>talis</span> <span class='ocrx_word' id='word_1_89' title='bbox 769 1258 1019 1306; x_wconf 91' lang='lat' dir='ltr'>celebrent</span> <span class='ocrx_word' id='word_1_90' title='bbox 1055 1259 1356 1320; x_wconf 88' lang='lat' dir='ltr'>hymenaeos</span> <span class='ocrx_word' id='word_1_91' title='bbox 1718 1279 1794 1318; x_wconf 84' lang='lat'>555</span> 
     </span>
     <span class='ocr_line' id='line_1_15' title="bbox 129 1335 1413 1402; baseline 0.002 -19"><span class='ocrx_word' id='word_1_92' title='bbox 129 1335 377 1398; x_wconf 84' lang='lat' dir='ltr'>egregium</span> <span class='ocrx_word' id='word_1_93' title='bbox 413 1337 622 1385; x_wconf 90' lang='lat' dir='ltr'>Veneris</span> <span class='ocrx_word' id='word_1_94' title='bbox 656 1355 812 1400; x_wconf 90' lang='lat' dir='ltr'>genus</span> <span class='ocrx_word' id='word_1_95' title='bbox 849 1347 898 1386; x_wconf 94' lang='lat' dir='ltr'>et</span> <span class='ocrx_word' id='word_1_96' title='bbox 933 1355 1017 1386; x_wconf 87' lang='lat' dir='ltr'>rex</span> <span class='ocrx_word' id='word_1_97' title='bbox 1051 1337 1158 1402; x_wconf 92' lang='lat' dir='ltr'>ipse</span> <span class='ocrx_word' id='word_1_98' title='bbox 1195 1338 1413 1387; x_wconf 89' lang='lat' dir='ltr'>Latinus.</span> 
     </span>
    </p>

    <p class='ocr_par' dir='ltr' id='par_1_9' title="bbox 127 1417 1264 1479">
     <span class='ocr_line' id='line_1_16' title="bbox 127 1417 1264 1479; baseline 0.004 -16"><span class='ocrx_word' id='word_1_99' title='bbox 127 1425 175 1463; x_wconf 92' lang='lat' dir='ltr'>te</span> <span class='ocrx_word' id='word_1_100' title='bbox 211 1433 356 1479; x_wconf 92' lang='lat' dir='ltr'>super</span> <span class='ocrx_word' id='word_1_101' title='bbox 390 1417 631 1466; x_wconf 88' lang='lat' dir='ltr'>aetherias</span> <span class='ocrx_word' id='word_1_102' title='bbox 668 1435 824 1467; x_wconf 93' lang='lat' dir='ltr'>errare</span> <span class='ocrx_word' id='word_1_103' title='bbox 861 1419 1087 1468; x_wconf 89' lang='lat' dir='ltr'>licentius</span> <span class='ocrx_word' id='word_1_104' title='bbox 1123 1437 1264 1468; x_wconf 90' lang='lat' dir='ltr'>auras</span> 
     </span>
    </p>

    <p class='ocr_par' dir='ltr' id='par_1_10' title="bbox 126 1496 1448 1563">
     <span class='ocr_line' id='line_1_17' title="bbox 126 1496 1448 1563; baseline 0.004 -19"><span class='ocrx_word' id='word_1_105' title='bbox 126 1497 261 1544; x_wconf 90' lang='lat' dir='ltr'>haud</span> <span class='ocrx_word' id='word_1_106' title='bbox 296 1506 433 1559; x_wconf 92' lang='lat' dir='ltr'>pater</span> <span class='ocrx_word' id='word_1_107' title='bbox 468 1496 549 1546; x_wconf 91' lang='lat' dir='ltr'>ille</span> <span class='ocrx_word' id='word_1_108' title='bbox 584 1498 713 1558; x_wconf 90' lang='lat' dir='ltr'>velit,</span> <span class='ocrx_word' id='word_1_109' title='bbox 754 1499 936 1547; x_wconf 92' lang='lat' dir='ltr'>summi</span> <span class='ocrx_word' id='word_1_110' title='bbox 972 1509 1198 1562; x_wconf 86' lang='lat' dir='ltr'>regnator</span> <span class='ocrx_word' id='word_1_111' title='bbox 1234 1500 1448 1563; x_wconf 89' lang='lat' dir='ltr'>Olympi.</span> 
     </span>
    </p>

    <p class='ocr_par' dir='ltr' id='par_1_11' title="bbox 124 1577 1612 1643">
     <span class='ocr_line' id='line_1_18' title="bbox 124 1577 1612 1643; baseline 0.005 -18"><span class='ocrx_word' id='word_1_112' title='bbox 124 1578 247 1626; x_wconf 91' lang='lat' dir='ltr'>cede</span> <span class='ocrx_word' id='word_1_113' title='bbox 284 1577 416 1626; x_wconf 91' lang='lat' dir='ltr'>locis.</span> <span class='ocrx_word' id='word_1_114' title='bbox 492 1596 596 1642; x_wconf 88' lang='lat' dir='ltr'>ego,</span> <span class='ocrx_word' id='word_1_115' title='bbox 637 1579 678 1628; x_wconf 94' lang='lat' dir='ltr'>si</span> <span class='ocrx_word' id='word_1_116' title='bbox 714 1597 812 1642; x_wconf 92' lang='lat' dir='ltr'>qua</span> <span class='ocrx_word' id='word_1_117' title='bbox 848 1597 994 1643; x_wconf 89' lang='lat' dir='ltr'>super</span> <span class='ocrx_word' id='word_1_118' title='bbox 1029 1583 1224 1630; x_wconf 90' lang='lat' dir='ltr'>fortuna</span> <span class='ocrx_word' id='word_1_119' title='bbox 1259 1583 1487 1631; x_wconf 89' lang='lat' dir='ltr'>laborum</span> <span class='ocrx_word' id='word_1_120' title='bbox 1523 1591 1612 1643; x_wconf 89' lang='lat' dir='ltr'>est,</span> 
     </span>
    </p>

    <p class='ocr_par' dir='ltr' id='par_1_12' title="bbox 123 1657 1794 1806">
     <span class='ocr_line' id='line_1_19' title="bbox 124 1657 1794 1724; baseline 0.003 -19"><span class='ocrx_word' id='word_1_121' title='bbox 124 1657 230 1720; x_wconf 92' lang='lat' dir='ltr'>ipsa</span> <span class='ocrx_word' id='word_1_122' title='bbox 264 1661 457 1722; x_wconf 55' lang='lat' dir='ltr'>regam?</span> <span class='ocrx_word' id='word_1_123' title='bbox 529 1660 636 1709; x_wconf 88' lang='lat' dir='ltr'>talis</span> <span class='ocrx_word' id='word_1_124' title='bbox 673 1662 877 1710; x_wconf 82' lang='lat' dir='ltr'>dederat</span> <span class='ocrx_word' id='word_1_125' title='bbox 913 1662 1138 1710; x_wconf 89' lang='lat' dir='ltr'>Saturnia</span> <span class='ocrx_word' id='word_1_126' title='bbox 1173 1679 1336 1723; x_wconf 89' lang='lat' dir='ltr'>voces,</span> <span class='ocrx_word' id='word_1_127' title='bbox 1713 1673 1794 1724; x_wconf 85' lang='lat'>560</span> 
     </span>
     <span class='ocr_line' id='line_1_20' title="bbox 123 1739 1319 1806; baseline 0.005 -20"><span class='ocrx_word' id='word_1_128' title='bbox 123 1739 205 1786; x_wconf 91' lang='lat' dir='ltr'>illa</span> <span class='ocrx_word' id='word_1_129' title='bbox 239 1750 405 1788; x_wconf 88' lang='lat' dir='ltr'>autern</span> <span class='ocrx_word' id='word_1_130' title='bbox 441 1741 618 1790; x_wconf 93' lang='lat' dir='ltr'>attollit</span> <span class='ocrx_word' id='word_1_131' title='bbox 655 1741 903 1791; x_wconf 89' lang='lat' dir='ltr'>stridentis</span> <span class='ocrx_word' id='word_1_132' title='bbox 939 1743 1181 1806; x_wconf 88' lang='lat' dir='ltr'>anguibus</span> <span class='ocrx_word' id='word_1_133' title='bbox 1217 1746 1319 1792; x_wconf 90' lang='lat' dir='ltr'>alas</span> 
     </span>
    </p>

    <p class='ocr_par' dir='ltr' id='par_1_13' title="bbox 124 1820 1438 1888">
     <span class='ocr_line' id='line_1_21' title="bbox 124 1820 1438 1888; baseline 0.005 -20"><span class='ocrx_word' id='word_1_134' title='bbox 124 1820 398 1884; x_wconf 91' lang='lat' dir='ltr'>Cocytique</span> <span class='ocrx_word' id='word_1_135' title='bbox 433 1822 556 1884; x_wconf 88' lang='lat' dir='ltr'>petit</span> <span class='ocrx_word' id='word_1_136' title='bbox 591 1825 762 1872; x_wconf 90' lang='lat' dir='ltr'>sedem</span> <span class='ocrx_word' id='word_1_137' title='bbox 798 1841 974 1887; x_wconf 91' lang='lat' dir='ltr'>supera</span> <span class='ocrx_word' id='word_1_138' title='bbox 1008 1826 1162 1873; x_wconf 91' lang='lat' dir='ltr'>ardua</span> <span class='ocrx_word' id='word_1_139' title='bbox 1197 1825 1438 1888; x_wconf 90' lang='lat' dir='ltr'>linquens.</span> 
     </span>
    </p>

    <p class='ocr_par' dir='ltr' id='par_1_14' title="bbox 122 1903 1358 1966">
     <span class='ocr_line' id='line_1_22' title="bbox 122 1903 1358 1966; baseline 0.005 -17"><span class='ocrx_word' id='word_1_140' title='bbox 122 1911 195 1950; x_wconf 91' lang='lat' dir='ltr'>est</span> <span class='ocrx_word' id='word_1_141' title='bbox 230 1904 368 1951; x_wconf 91' lang='lat' dir='ltr'>locus</span> <span class='ocrx_word' id='word_1_142' title='bbox 406 1903 577 1953; x_wconf 90' lang='lat' dir='ltr'>Italiae</span> <span class='ocrx_word' id='word_1_143' title='bbox 613 1905 781 1954; x_wconf 90' lang='lat' dir='ltr'>medio</span> <span class='ocrx_word' id='word_1_144' title='bbox 817 1906 910 1954; x_wconf 88' lang='lat' dir='ltr'>sub</span> <span class='ocrx_word' id='word_1_145' title='bbox 946 1906 1199 1955; x_wconf 89' lang='lat' dir='ltr'>montibus</span> <span class='ocrx_word' id='word_1_146' title='bbox 1235 1907 1358 1966; x_wconf 88' lang='lat' dir='ltr'>altis,</span> 
     </span>
    </p>

    <p class='ocr_par' dir='ltr' id='par_1_15' title="bbox 121 1983 1327 2047">
     <span class='ocr_line' id='line_1_23' title="bbox 121 1983 1327 2047; baseline 0.005 -18"><span class='ocrx_word' id='word_1_147' title='bbox 121 1983 300 2031; x_wconf 89' lang='lat' dir='ltr'>nobilis</span> <span class='ocrx_word' id='word_1_148' title='bbox 339 1994 386 2032; x_wconf 93' lang='lat' dir='ltr'>et</span> <span class='ocrx_word' id='word_1_149' title='bbox 422 1987 553 2034; x_wconf 90' lang='lat' dir='ltr'>fama</span> <span class='ocrx_word' id='word_1_150' title='bbox 590 1986 756 2034; x_wconf 91' lang='lat' dir='ltr'>multis</span> <span class='ocrx_word' id='word_1_151' title='bbox 793 1996 1093 2035; x_wconf 91' lang='lat' dir='ltr'>memoratus</span> <span class='ocrx_word' id='word_1_152' title='bbox 1130 1987 1181 2035; x_wconf 91' lang='lat' dir='ltr'>in</span> <span class='ocrx_word' id='word_1_153' title='bbox 1218 1987 1327 2047; x_wconf 90' lang='lat' dir='ltr'>oris,</span> 
     </span>
    </p>

    <p class='ocr_par' dir='ltr' id='par_1_16' title="bbox 120 2065 1786 2212">
     <span class='ocr_line' id='line_1_24' title="bbox 121 2065 1786 2130; baseline 0.004 -19"><span class='ocrx_word' id='word_1_154' title='bbox 121 2065 378 2113; x_wconf 91' lang='lat' dir='ltr'>Amsancti</span> <span class='ocrx_word' id='word_1_155' title='bbox 413 2068 596 2127; x_wconf 70' lang='lat' dir='ltr'>valles,</span> <span class='ocrx_word' id='word_1_156' title='bbox 645 2067 811 2115; x_wconf 92' lang='lat' dir='ltr'>densis</span> <span class='ocrx_word' id='word_1_157' title='bbox 848 2069 981 2116; x_wconf 92' lang='lat' dir='ltr'>hunc</span> <span class='ocrx_word' id='word_1_158' title='bbox 1018 2068 1276 2116; x_wconf 87' lang='lat' dir='ltr'>frondibus</span> <span class='ocrx_word' id='word_1_159' title='bbox 1311 2077 1472 2117; x_wconf 87' lang='lat' dir='ltr'>atrum</span> <span class='ocrx_word' id='word_1_160' title='bbox 1708 2078 1786 2130; x_wconf 83' lang='lat'>565</span> 
     </span>
     <span class='ocr_line' id='line_1_25' title="bbox 120 2145 1527 2212; baseline 0.005 -21"><span class='ocrx_word' id='word_1_161' title='bbox 120 2154 257 2207; x_wconf 86' lang='lat' dir='ltr'>urget</span> <span class='ocrx_word' id='word_1_162' title='bbox 292 2145 538 2209; x_wconf 89' lang='lat' dir='ltr'>utrimque</span> <span class='ocrx_word' id='word_1_163' title='bbox 574 2148 700 2195; x_wconf 90' lang='lat' dir='ltr'>latus</span> <span class='ocrx_word' id='word_1_164' title='bbox 736 2147 966 2207; x_wconf 89' lang='lat' dir='ltr'>nemoris,</span> <span class='ocrx_word' id='word_1_165' title='bbox 1006 2148 1272 2211; x_wconf 91' lang='lat' dir='ltr'>medioque</span> <span class='ocrx_word' id='word_1_166' title='bbox 1307 2151 1527 2212; x_wconf 86' lang='lat' dir='ltr'>fragosus</span> 
     </span>
    </p>

    <p class='ocr_par' dir='ltr' id='par_1_17' title="bbox 120 2225 1324 2277">
     <span class='ocr_line' id='line_1_26' title="bbox 120 2225 1324 2277; baseline 0.004 -5"><span class='ocrx_word' id='word_1_167' title='bbox 120 2226 204 2273; x_wconf 91' lang='lat' dir='ltr'>dat</span> <span class='ocrx_word' id='word_1_168' title='bbox 240 2225 457 2274; x_wconf 90' lang='lat' dir='ltr'>sonitum</span> <span class='ocrx_word' id='word_1_169' title='bbox 494 2227 619 2275; x_wconf 86' lang='lat' dir='ltr'>saxis</span> <span class='ocrx_word' id='word_1_170' title='bbox 658 2237 706 2276; x_wconf 97' lang='lat' dir='ltr'>et</span> <span class='ocrx_word' id='word_1_171' title='bbox 741 2237 871 2276; x_wconf 91' lang='lat' dir='ltr'>torto</span> <span class='ocrx_word' id='word_1_172' title='bbox 907 2229 1087 2277; x_wconf 90' lang='lat' dir='ltr'>vertice</span> <span class='ocrx_word' id='word_1_173' title='bbox 1123 2238 1324 2277; x_wconf 89' lang='lat' dir='ltr'>torrens.</span> 
     </span>
    </p>

    <p class='ocr_par' dir='ltr' id='par_1_18' title="bbox 119 2305 1494 2455">
     <span class='ocr_line' id='line_1_27' title="bbox 119 2305 1445 2373; baseline 0.004 -20"><span class='ocrx_word' id='word_1_174' title='bbox 119 2305 199 2354; x_wconf 89' lang='lat' dir='ltr'>hic</span> <span class='ocrx_word' id='word_1_175' title='bbox 235 2323 410 2369; x_wconf 88' lang='lat' dir='ltr'>specus</span> <span class='ocrx_word' id='word_1_176' title='bbox 448 2309 749 2357; x_wconf 89' lang='lat' dir='ltr'>horrendum</span> <span class='ocrx_word' id='word_1_177' title='bbox 785 2318 833 2358; x_wconf 88' lang='lat' dir='ltr'>et</span> <span class='ocrx_word' id='word_1_178' title='bbox 870 2309 1001 2358; x_wconf 89' lang='lat' dir='ltr'>saevi</span> <span class='ocrx_word' id='word_1_179' title='bbox 1039 2310 1279 2373; x_wconf 89' lang='lat' dir='ltr'>spiracula</span> <span class='ocrx_word' id='word_1_180' title='bbox 1318 2310 1445 2358; x_wconf 90' lang='lat' dir='ltr'>Ditis</span> 
     </span>
     <span class='ocr_line' id='line_1_28' title="bbox 119 2390 1494 2455; baseline 0.004 -22"><span class='ocrx_word' id='word_1_181' title='bbox 119 2396 464 2448; x_wconf 89' lang='lat' dir='ltr'>monstrantur,</span> <span class='ocrx_word' id='word_1_182' title='bbox 503 2399 748 2453; x_wconf 92' lang='lat' dir='ltr'>ruptoque</span> <span class='ocrx_word' id='word_1_183' title='bbox 784 2390 957 2453; x_wconf 87' lang='lat' dir='ltr'>ingens</span> <span class='ocrx_word' id='word_1_184' title='bbox 993 2392 1278 2439; x_wconf 93' lang='lat' dir='ltr'>Acheronte</span> <span class='ocrx_word' id='word_1_185' title='bbox 1314 2406 1494 2455; x_wconf 84' lang='lat' dir='ltr'>vorago</span> 
     </span>
    </p>

    <p class='ocr_par' dir='ltr' id='par_1_19' title="bbox 118 2467 1782 2534">
     <span class='ocr_line' id='line_1_29' title="bbox 118 2467 1782 2534; baseline 0.004 -19"><span class='ocrx_word' id='word_1_186' title='bbox 118 2467 369 2530; x_wconf 88' lang='lat' dir='ltr'>pestiferas</span> <span class='ocrx_word' id='word_1_187' title='bbox 405 2469 560 2532; x_wconf 91' lang='lat' dir='ltr'>aperit</span> <span class='ocrx_word' id='word_1_188' title='bbox 595 2472 774 2529; x_wconf 91' lang='lat' dir='ltr'>fauces,</span> <span class='ocrx_word' id='word_1_189' title='bbox 815 2470 925 2533; x_wconf 91' lang='lat' dir='ltr'>quis</span> <span class='ocrx_word' id='word_1_190' title='bbox 962 2471 1164 2520; x_wconf 88' lang='lat' dir='ltr'>condita</span> <span class='ocrx_word' id='word_1_191' title='bbox 1201 2471 1390 2534; x_wconf 90' lang='lat' dir='ltr'>Erinys,</span> <span class='ocrx_word' id='word_1_192' title='bbox 1701 2491 1782 2534; x_wconf 87' lang='lat'>570</span> 
     </span>
    </p>
   </div>
   <div class='ocr_carea' id='block_1_3' title="bbox 117 2597 1782 2868">
    <p class='ocr_par' dir='ltr' id='par_1_20' title="bbox 117 2597 1782 2868">
     <span class='ocr_line' id='line_1_30' title="bbox 171 2597 1781 2652; baseline 0.001 -14"><span class='ocrx_word' id='word_1_193' title='bbox 171 2609 361 2646; x_wconf 84' lang='lat'>543-570</span> <span class='ocrx_word' id='word_1_194' title='bbox 382 2597 473 2635; x_wconf 87' lang='lat' dir='ltr'>MR</span> <span class='ocrx_word' id='word_1_195' title='bbox 646 2611 727 2649; x_wconf 84' lang='lat'>543</span> <span class='ocrx_word' id='word_1_196' title='bbox 757 2601 868 2640; x_wconf 86' lang='lat' dir='ltr'>locus</span> <span class='ocrx_word' id='word_1_197' title='bbox 888 2606 1125 2652; x_wconf 79' lang='lat' dir='ltr'>corruptus:</span> <span class='ocrx_word' id='word_1_198' title='bbox 1155 2615 1347 2640; x_wconf 85' lang='lat' dir='ltr'>convexa</span> <span class='ocrx_word' id='word_1_199' title='bbox 1367 2600 1595 2652; x_wconf 77' lang='lat' dir='ltr'>M²R7bcm</span> <span class='ocrx_word' id='word_1_200' title='bbox 1619 2601 1781 2640; x_wconf 79' lang='lat' dir='ltr'>Probus</span> 
     </span>
     <span class='ocr_line' id='line_1_31' title="bbox 117 2654 1781 2707; baseline 0.002 -16"><span class='ocrx_word' id='word_1_201' title='bbox 117 2654 256 2704; x_wconf 83' lang='lat' dir='ltr'>Asper</span> <span class='ocrx_word' id='word_1_202' title='bbox 276 2654 472 2692; x_wconf 84' lang='lat' dir='ltr'>Donatus</span> <span class='ocrx_word' id='word_1_203' title='bbox 491 2655 633 2695; x_wconf 61' lang='lat' dir='ltr'>Seru:</span> <span class='ocrx_word' id='word_1_204' title='bbox 662 2656 767 2695; x_wconf 84' lang='lat' dir='ltr'>caeli</span> <span class='ocrx_word' id='word_1_205' title='bbox 795 2668 986 2695; x_wconf 86' lang='lat' dir='ltr'>convexa</span> <span class='ocrx_word' id='word_1_206' title='bbox 1008 2668 1239 2706; x_wconf 85' lang='lat' dir='ltr'>pererrans</span> <span class='ocrx_word' id='word_1_207' title='bbox 1260 2657 1325 2696; x_wconf 86' lang='lat' dir='ltr'>vel</span> <span class='ocrx_word' id='word_1_208' title='bbox 1350 2669 1580 2707; x_wconf 85' lang='lat' dir='ltr'>peragrans</span> <span class='ocrx_word' id='word_1_209' title='bbox 1612 2654 1781 2695; x_wconf 85' lang='lat' dir='ltr'>Canter:</span> 
     </span>
     <span class='ocr_line' id='line_1_32' title="bbox 119 2707 1780 2761; baseline 0.001 -15"><span class='ocrx_word' id='word_1_210' title='bbox 119 2720 324 2746; x_wconf 86' lang='lat' dir='ltr'>conversa</span> <span class='ocrx_word' id='word_1_211' title='bbox 343 2707 409 2745; x_wconf 88' lang='grc' dir='ltr'>Μ2</span> <span class='ocrx_word' id='word_1_212' title='bbox 429 2709 578 2758; x_wconf 83' lang='lat' dir='ltr'>probat</span> <span class='ocrx_word' id='word_1_213' title='bbox 603 2709 777 2759; x_wconf 74' lang='lat' dir='ltr'>Hemy:</span> <span class='ocrx_word' id='word_1_214' title='bbox 808 2709 927 2748; x_wconf 88' lang='lat' dir='ltr'>caelo</span> <span class='ocrx_word' id='word_1_215' title='bbox 958 2722 1169 2749; x_wconf 87' lang='lat' dir='ltr'>conversa</span> <span class='ocrx_word' id='word_1_216' title='bbox 1191 2709 1382 2760; x_wconf 82' lang='lat' dir='ltr'>Schaper,</span> <span class='ocrx_word' id='word_1_217' title='bbox 1399 2710 1548 2761; x_wconf 84' lang='lat' dir='ltr'>probat</span> <span class='ocrx_word' id='word_1_218' title='bbox 1570 2710 1780 2748; x_wconf 79' lang='lat' dir='ltr'>Deuticke:</span> 
     </span>
     <span class='ocr_line' id='line_1_33' title="bbox 120 2760 1782 2814; baseline 0.001 -16"><span class='ocrx_word' id='word_1_219' title='bbox 120 2761 237 2799; x_wconf 85' lang='lat' dir='ltr'>‘dicit</span> <span class='ocrx_word' id='word_1_220' title='bbox 248 2760 421 2810; x_wconf 82' lang='lat' dir='ltr'>quidam</span> <span class='ocrx_word' id='word_1_221' title='bbox 436 2763 757 2801; x_wconf 81' lang='lat' dir='ltr'>commentarius</span> <span class='ocrx_word' id='word_1_222' title='bbox 771 2763 985 2802; x_wconf 81' lang='lat' dir='ltr'>Firmiam&#39;</span> <span class='ocrx_word' id='word_1_223' title='bbox 1003 2770 1208 2802; x_wconf 89' lang='lat' dir='ltr'>convecta</span> <span class='ocrx_word' id='word_1_224' title='bbox 1224 2763 1442 2813; x_wconf 76' lang='lat' dir='ltr'>legendum</span> <span class='ocrx_word' id='word_1_225' title='bbox 1458 2765 1466 2782; x_wconf 85' lang='lat'><em>⁷</em></span> <span class='ocrx_word' id='word_1_226' title='bbox 1486 2762 1616 2813; x_wconf 65' lang='lat' dir='ltr'>Serv„</span> <span class='ocrx_word' id='word_1_227' title='bbox 1636 2762 1782 2814; x_wconf 81' lang='lat' dir='ltr'>probat</span> 
     </span>
     <span class='ocr_line' id='line_1_34' title="bbox 122 2817 1778 2868; baseline -0.001 -12"><span class='ocrx_word' id='word_1_228' title='bbox 122 2817 322 2868; x_wconf 65' lang='lat' dir='ltr'>Gathling</span> <span class='ocrx_word' id='word_1_229' title='bbox 431 2819 510 2865; x_wconf 91' lang='lat'>546</span> <span class='ocrx_word' id='word_1_230' title='bbox 531 2818 617 2868; x_wconf 89' lang='lat' dir='ltr'>dic]</span> <span class='ocrx_word' id='word_1_231' title='bbox 644 2818 704 2855; x_wconf 89' lang='lat' dir='ltr'>sic</span> <span class='ocrx_word' id='word_1_232' title='bbox 732 2817 769 2855; x_wconf 92' lang='lat' dir='ltr'><em>T</em></span> <span class='ocrx_word' id='word_1_233' title='bbox 765 2818 911 2867; x_wconf 84' lang='lat' dir='ltr'>reuber,</span> <span class='ocrx_word' id='word_1_234' title='bbox 932 2819 1077 2868; x_wconf 83' lang='lat' dir='ltr'>probat</span> <span class='ocrx_word' id='word_1_235' title='bbox 1092 2817 1280 2855; x_wconf 83' lang='lat' dir='ltr'>Deuticke</span> <span class='ocrx_word' id='word_1_236' title='bbox 1420 2830 1498 2867; x_wconf 85' lang='lat'>557</span> <span class='ocrx_word' id='word_1_237' title='bbox 1532 2831 1629 2856; x_wconf 87' lang='lat' dir='ltr'>oras</span> <span class='ocrx_word' id='word_1_238' title='bbox 1650 2818 1778 2855; x_wconf 75' lang='lat' dir='ltr'>Laclz-</span> 
     </span>
    </p>
   </div>
   <div class='ocr_carea' id='block_1_4' title="bbox 118 2871 1782 3032">
    <p class='ocr_par' dir='ltr' id='par_1_21' title="bbox 118 2871 1782 3032">
     <span class='ocr_line' id='line_1_35' title="bbox 119 2871 1777 2923; baseline -0.001 -13"><span class='ocrx_word' id='word_1_239' title='bbox 119 2884 252 2911; x_wconf 87' lang='lat' dir='ltr'>mann</span> <span class='ocrx_word' id='word_1_240' title='bbox 428 2873 508 2920; x_wconf 86' lang='lat'>558</span> <span class='ocrx_word' id='word_1_241' title='bbox 538 2872 627 2923; x_wconf 93' lang='lat' dir='ltr'>ille]</span> <span class='ocrx_word' id='word_1_242' title='bbox 651 2872 743 2921; x_wconf 90' lang='lat' dir='ltr'>ipse</span> <span class='ocrx_word' id='word_1_243' title='bbox 763 2871 808 2920; x_wconf 73' lang='grc' dir='ltr'>-γ2</span> <span class='ocrx_word' id='word_1_244' title='bbox 828 2872 1031 2910; x_wconf 81' lang='lat' dir='ltr'>deteriores</span> <span class='ocrx_word' id='word_1_245' title='bbox 1049 2871 1221 2922; x_wconf 82' lang='lat' dir='ltr'>quidam</span> <span class='ocrx_word' id='word_1_246' title='bbox 1350 2872 1430 2920; x_wconf 88' lang='lat'>562</span> <span class='ocrx_word' id='word_1_247' title='bbox 1461 2884 1617 2921; x_wconf 88' lang='lat' dir='ltr'>supera</span> <span class='ocrx_word' id='word_1_248' title='bbox 1635 2871 1777 2921; x_wconf 71' lang='lat' dir='ltr'>7b2c⁷r=</span> 
     </span>
     <span class='ocr_line' id='line_1_36' title="bbox 118 2924 1782 2976; baseline -0.001 -12"><span class='ocrx_word' id='word_1_249' title='bbox 118 2938 246 2975; x_wconf 89' lang='lat' dir='ltr'>super</span> <span class='ocrx_word' id='word_1_250' title='bbox 265 2924 399 2964; x_wconf 85' lang='lat' dir='ltr'><em>MRb1</em></span> <span class='ocrx_word' id='word_1_251' title='bbox 420 2926 590 2964; x_wconf 84' lang='lat' dir='ltr'>Ribbeck</span> <span class='ocrx_word' id='word_1_252' title='bbox 744 2929 824 2975; x_wconf 89' lang='lat'>568</span> <span class='ocrx_word' id='word_1_253' title='bbox 854 2927 1045 2976; x_wconf 81' lang='lat' dir='ltr'>antiquos</span> <span class='ocrx_word' id='word_1_254' title='bbox 1063 2925 1207 2965; x_wconf 80' lang='lat' dir='ltr'>codices</span> <span class='ocrx_word' id='word_1_255' title='bbox 1225 2926 1462 2964; x_wconf 87' lang='lat' dir='ltr'>horrendus</span> <span class='ocrx_word' id='word_1_256' title='bbox 1481 2925 1670 2964; x_wconf 77' lang='lat' dir='ltr'>habuisse</span> <span class='ocrx_word' id='word_1_257' title='bbox 1685 2924 1782 2962; x_wconf 78' lang='lat' dir='ltr'>dicit</span> 
     </span>
     <span class='ocr_line' id='line_1_37' title="bbox 118 2978 1105 3032; baseline 0 -13"><span class='ocrx_word' id='word_1_258' title='bbox 118 2978 233 3019; x_wconf 81' lang='lat' dir='ltr'><em>Serv.</em></span> <span class='ocrx_word' id='word_1_259' title='bbox 364 2991 445 3029; x_wconf 90' lang='lat'>570</span> <span class='ocrx_word' id='word_1_260' title='bbox 475 2980 620 3019; x_wconf 91' lang='lat' dir='ltr'>condit</span> <span class='ocrx_word' id='word_1_261' title='bbox 641 2978 780 3031; x_wconf 75' lang='lat' dir='ltr'>M7b¹c</span> <span class='ocrx_word' id='word_1_262' title='bbox 796 2981 977 3032; x_wconf 55' lang='lat' dir='ltr'>agnoscar</span> <span class='ocrx_word' id='word_1_263' title='bbox 994 2980 1105 3019; x_wconf 86' lang='lat' dir='ltr'>Serv.</span> 
     </span>
    </p>
   </div>
   <div class='ocr_carea' id='block_1_5' title="bbox 173 3051 1673 3090">
    <p class='ocr_par' dir='ltr' id='par_1_22' title="bbox 173 3051 1673 3090">
     <span class='ocr_line' id='line_1_38' title="bbox 173 3051 1673 3090; baseline 0.002 -3"><span class='ocrx_word' id='word_1_264' title='bbox 173 3061 303 3088; x_wconf 68' lang='lat' dir='ltr'>vans.</span> <span class='ocrx_word' id='word_1_265' title='bbox 1621 3051 1673 3090; x_wconf 82' lang='lat'>19</span> 
     </span>
    </p>
   </div>
  </div>
 </body>
</html>
