2014 3372
226 156 283 204 P.
320 154 622 203 VERGILI
661 154 987 203 MARONIS

223 304 330 344 tum
367 313 544 345 manus
582 294 806 344 Ausonia
842 303 891 343 et
926 303 1098 357 gentes
1134 311 1314 343 venere
1350 293 1572 356 Sicanae,

223 377 419 441 saepius
457 387 506 426 et
542 394 730 426 nomen
766 376 933 440 posuit
970 376 1198 425 Saturnia
1235 378 1379 425 tellus
1397 395 1411 437 3

222 464 329 505 tum
365 473 503 520 reges
539 471 782 518 asperque
818 454 1024 503 immani
1060 471 1266 517 corpore
1302 454 1531 517 Thybris,
1824 475 1904 516 330

220 555 251 586 a
288 555 388 601 quo
424 546 537 600 post
576 536 689 586 Itali
724 536 931 585 fluvium
967 536 1267 599 cognomine
1303 535 1545 599 Thybrim

221 619 436 669 diximus
454 638 467 680 3
514 618 678 667 amisit
713 635 884 667 verum
920 627 1061 667 vetus
1098 618 1285 666 Albula
1320 634 1519 666 nomen.

221 718 302 750 me
338 703 538 764 pulsum
574 699 730 764 patria
765 699 1027 762 pelagique
1063 708 1280 748 extrema
1316 708 1609 762 sequentem

222 784 441 830 Fortuna
477 781 796 845 omnipotens
833 790 882 829 et
917 780 1235 829 ineluctabile
1270 782 1427 829 fatum

219 863 296 911 his
334 880 544 926 posuere
580 862 717 923 locis,
758 862 1026 925 matrisque
1064 879 1206 926 egere
1242 863 1501 911 tremenda
1821 882 1898 923 335

219 944 502 994 Carmentis
540 945 807 1007 Nymphae
843 943 1034 992 monita
1069 953 1118 992 et
1154 945 1279 992 deus
1315 953 1488 992 auctor
1524 945 1741 1007 Apollo.'

289 1027 385 1075 Vix
421 1044 479 1076 ea
515 1026 662 1086 dicta,
703 1026 886 1075 dehinc
922 1043 1207 1090 progressus
1244 1035 1486 1075 monstrat
1522 1035 1571 1075 et
1606 1043 1742 1075 aram

218 1117 269 1157 et
306 1110 675 1159 Carmentalem
713 1107 932 1156 Romani
969 1108 1173 1157 nomine
1208 1117 1402 1172 portam

218 1207 371 1254 quam
409 1199 701 1250 memorant,
742 1191 1008 1253 Nymphae
1044 1189 1260 1253 priscum
1298 1189 1579 1240 Carmentis
1615 1191 1873 1249 honorem,

217 1272 342 1321 vatis
379 1272 624 1331 fatidicae,
664 1271 844 1320 cecinit
881 1288 1009 1334 quae
1045 1271 1204 1334 prima
1240 1273 1429 1321 futuros
1819 1292 1899 1333 340

219 1356 484 1403 Aeneadas
521 1370 728 1417 magnos
767 1362 815 1402 et
852 1353 1020 1402 nobile
1059 1355 1382 1402 Pallanteum.
1434 1396 1438 1403 .

217 1435 335 1484 hinc
371 1438 540 1484 lucum
576 1435 844 1498 ingentem,
884 1452 1035 1497 quem
1074 1437 1320 1484 Romulus
1356 1452 1469 1484 acer
1504 1437 1696 1498 asylum

217 1517 417 1577 rettulit,
458 1527 505 1566 et
542 1516 706 1579 gelida
741 1525 983 1565 monstrat
1020 1517 1113 1565 sub
1150 1534 1271 1580 rupe
1309 1519 1553 1581 Lupercal

220 1599 480 1648 Parrhasio
517 1598 708 1648 dictum
746 1601 910 1647 Panos
947 1600 1012 1647 de
1049 1615 1185 1647 more
1224 1599 1417 1661 Lycaei.

217 1699 312 1730 nec
349 1698 449 1730 non
489 1690 538 1729 et
574 1680 698 1729 sacri
735 1689 977 1729 monstrat
1013 1697 1190 1729 nemus
1227 1680 1433 1744 Argileti
1818 1699 1894 1741 345

215 1772 522 1826 testaturque
558 1764 726 1811 locum
763 1771 812 1810 et
846 1763 1001 1810 letum
1038 1763 1186 1810 docet
1222 1761 1430 1825 hospitis
1467 1761 1599 1826 Argi.

216 1844 335 1893 hinc
370 1846 435 1893 ad
472 1843 737 1906 Tarpeiam
774 1844 946 1891 sedem
983 1852 1031 1891 et
1069 1842 1315 1905 Capitolia
1352 1842 1489 1892 ducit

215 1942 364 1975 aurea
401 1942 548 1984 nunc,
589 1924 708 1973 olim
745 1923 1047 1972 silvestribus
1083 1923 1282 1972 horrida
1318 1923 1495 1972 dumis.

215 2008 315 2057 iam
352 2017 458 2055 tum
495 2006 664 2070 religio
700 2005 908 2069 pavidos
946 2006 1156 2054 terrebat
1194 2005 1395 2069 agrestis

216 2090 323 2140 dira
358 2089 468 2149 loci,
509 2088 608 2137 iam
645 2097 752 2136 tum
789 2087 961 2136 silvam
1000 2104 1272 2150 saxumque
1310 2088 1601 2137 tremebant.
1815 2107 1894 2147 350

218 2173 344 2220 ‘hoc
380 2187 571 2229 nemus,
611 2171 772 2218 hunc'
809 2168 969 2232 inquit
1009 2170 1274 2218 ‘frondoso
1310 2169 1492 2219 vertice
1528 2170 1708 2218 collem

218 2251 348 2317 (quis
386 2253 509 2300 deus
548 2251 791 2299 incertum
829 2249 923 2314 est)
962 2249 1153 2298 habitat
1189 2252 1349 2310 deus;
1396 2251 1617 2299 Arcades
1654 2249 1819 2312 ipsum

215 2335 425 2382 credunt
462 2349 514 2381 se
549 2331 731 2380 vidisse
770 2333 956 2391 Iovem,
997 2349 1112 2380 cum
1149 2348 1297 2395 saepe
1332 2331 1608 2395 nigrantem

214 2414 390 2478 aegida
425 2422 712 2462 concuteret
748 2415 917 2462 dextra
953 2413 1254 2476 nimbosque
1290 2412 1451 2462 cieret.

214 2498 339 2544 haec
375 2498 477 2544 duo
513 2504 764 2558 praeterea
801 2495 1018 2544 disiectis
1055 2495 1241 2558 oppida
1277 2494 1442 2554 muris,
1812 2512 1888 2553 355

213 2577 443 2641 reliquias
480 2587 803 2641 veterumque
838 2578 976 2627 vides
1015 2577 1322 2626 monimenta
1357 2577 1585 2625 virorum.

214 2662 344 2708 hanc
383 2662 533 2708 Ianus
570 2670 721 2724 pater,
761 2662 892 2709 hanc
929 2662 1167 2709 Saturnus
1204 2658 1430 2708 condidit
1465 2675 1665 2718 arcem3

215 2740 497 2789 Ianiculum
533 2741 663 2801 huic,
704 2740 773 2789 illi
810 2743 966 2790 fuerat
1004 2740 1230 2789 Saturnia
1266 2741 1482 2789 nomen.'

268 2871 459 2919 328—358
498 2869 630 2908 MPR
851 2870 932 2919 338
964 2868 1161 2907 Romano
1193 2867 1309 2907 Rbcrr
1474 2879 1550 2917 341
1584 2865 1739 2904 nobine
1772 2862 1887 2916 1³7¹:

213 2925 385 2963 nomine
406 2925 449 2962 R
596 2937 677 2974 344
707 2923 847 2974 more]
870 2929 1015 2961 monte
1036 2923 1241 2961 detembres
1259 2921 1444 2972 quidam,
1466 2919 1673 2961 Schrader
1805 2931 1888 2970 350

212 2980 419 3019 tenebant
441 2977 508 3017 .M¹
679 2989 758 3027 357
793 2978 953 3030 arcem]
977 2978 1125 3016 urbem
1147 2975 1261 3014 MR
