2014 3372
212 149 265 197 P.
305 147 604 197 VERGILI
644 144 971 195 MARONIS

212 287 334 352 quid
371 290 573 337 moror?
619 303 684 335 an
721 302 832 335 mea
869 283 1160 349 Pygmalion
1197 284 1319 334 dum
1355 281 1555 333 moenia
1589 283 1738 334 frater
1810 301 1890 343 325

213 371 435 420 destruat
470 378 556 418 aut
591 376 789 431 captam
826 368 977 416 ducat
1015 367 1256 416 Gaetulus
1295 365 1506 415 Iarbas?

210 454 385 502 saltem
423 450 463 500 si
500 466 599 514 qua
635 449 758 498 mihi
794 450 858 499 de
894 458 944 498 te
980 457 1210 512 suscepta
1245 447 1417 497 fuisset

209 542 325 583 ante
361 534 527 596 fugam
564 531 778 591 suboles,
819 529 860 579 si
896 529 1007 594 quis
1044 529 1167 578 mihi
1202 530 1434 593 parvulus
1468 530 1583 578 aula

209 616 403 665 luderet
439 617 651 674 Aeneas,
692 612 778 676 qui
814 621 863 662 te
899 621 1068 661 tamen
1104 628 1189 660 ore
1224 613 1435 671 referret,

210 713 313 746 non
350 695 584 759 equidem
622 693 829 744 omnino
866 702 1010 757 capta
1046 710 1104 742 ae
1141 693 1336 742 deserta
1369 691 1589 741 viderer!
1811 709 1896 750 330

282 776 496 826 Dixerat.
570 775 652 824 ille
691 775 824 825 Iovis
862 773 1064 824 monitis
1101 773 1309 823 immota
1345 774 1547 823 tenebat
1771 778 1775 782 ”

211 859 399 909 lumina
436 867 484 908 et
521 857 733 908 obnixus
770 874 939 906 curam
977 856 1071 905 sub
1107 857 1257 906 corde
1293 856 1562 919 premebat.

211 942 415 990 tandem
451 957 611 1004 pauca
645 941 819 988 refert:
872 942 991 1001 ‘ego
1027 947 1089 997 te,
1129 954 1256 1001 quae
1291 936 1502 1001 plurima
1535 937 1690 986 fando

211 1038 500 1073 enumerare
536 1022 683 1080 vales,
723 1036 1014 1083 numquam,
1054 1017 1234 1082 regina,
1273 1017 1468 1081 negabo

211 1102 543 1168 promeritam,
584 1118 679 1151 nec
716 1118 797 1150 me
834 1099 1119 1149 meminisse
1156 1098 1343 1163 pigebit
1380 1098 1570 1148 Elissae
1611 1106 1614 1109 ’
1813 1114 1894 1156 335

212 1187 335 1237 dum
373 1201 564 1234 memor
599 1183 706 1247 ipse
742 1182 856 1242 mei,
896 1184 1018 1231 dum
1056 1180 1253 1244 spiritus
1291 1182 1382 1229 hos
1419 1179 1541 1244 regit
1575 1188 1721 1231 artus.

213 1283 303 1331 pro
340 1283 391 1316 re
428 1282 589 1330 pauca
624 1266 811 1329 loquar.
889 1279 1053 1327 neque
1090 1279 1182 1326 ego
1218 1263 1348 1311 hanc
1383 1261 1693 1314 abscondere
1728 1262 1859 1312 furto

213 1347 406 1411 speravi
444 1347 528 1413 (ne
565 1345 716 1411 finge)
754 1347 935 1410 fugam,
975 1361 1069 1394 nec
1106 1342 1328 1408 coniugis
1365 1359 1604 1406 umquam

212 1429 471 1496 praetendi
507 1430 678 1477 taedas
715 1436 800 1476 aut
836 1429 960 1476 haec
997 1426 1047 1474 in
1084 1426 1285 1475 foedera
1320 1423 1446 1474 veni.

214 1527 294 1560 me
331 1510 372 1559 si
407 1512 507 1559 fata
544 1509 667 1558 meis
704 1517 989 1572 paterentur
1025 1509 1206 1557 ducere
1241 1506 1393 1556 vitam
1680 1514 1681 1517 ’
1811 1524 1894 1566 340

212 1590 446 1655 auspiciis
483 1600 531 1640 et
569 1599 748 1654 sponte
785 1606 897 1638 mea
933 1605 1236 1653 componere
1272 1604 1425 1648 curas,

214 1674 389 1723 urbem
427 1672 697 1722 Troianam
734 1671 951 1736 primum
988 1670 1248 1734 dulcisque
1284 1686 1509 1718 meorum

214 1752 443 1816 reliquias
480 1755 708 1813 colerem,
750 1751 932 1801 Priami
970 1761 1100 1805 tecta
1134 1754 1233 1801 alta
1268 1759 1538 1812 manerent,

215 1843 263 1884 et
299 1834 514 1884 recidiva
551 1852 702 1883 manu
738 1833 1017 1897 posuissem
1056 1836 1294 1898 Pergama
1328 1833 1481 1883 victis.

206 1917 304 1965 *sed
341 1933 474 1965 nunc
513 1915 709 1964 Italiam
746 1932 977 1978 magnam
1016 1917 1250 1978 Gryneus·
1278 1917 1476 1979 Apollo,
1809 1934 1891 1977 345

217 1996 413 2046 Italiam
452 1996 633 2060 Lyciae
669 1996 853 2045 iussere
890 2013 1147 2060 capessere
1184 1995 1362 2056 sortis,

215 2079 296 2129 hic
333 2097 485 2139 amor,
526 2082 651 2129 haee
687 2079 844 2143 patria
880 2088 966 2128 est.
1042 2078 1081 2128 si
1118 2088 1167 2128 te
1206 2077 1524 2142 Karthaginis
1559 2094 1696 2127 arces

220 2152 547 2210 Phoenissam
586 2160 904 2224 Libycaeque
940 2169 1168 2223 aspectus
1205 2159 1395 2209 detinet
1430 2159 1578 2219 urbis,

216 2259 344 2305 quae
380 2243 584 2291 tandem
621 2242 845 2291 Ausonia
881 2244 1102 2292 Teucros
1139 2242 1398 2292 considere
1434 2251 1560 2292 terra

216 2324 402 2374 invidia
438 2326 551 2374 est?
599 2333 647 2373 et
683 2341 775 2374 nos
811 2327 883 2374 fas
921 2333 1083 2374 extera
1119 2341 1353 2388 quaerere
1389 2341 1550 2388 regna.
1809 2341 1895 2382 350

217 2423 298 2455 me
334 2405 483 2469 patris
520 2405 785 2467 Anchisae,
825 2406 1056 2470 quotiens
1093 2407 1379 2457 umentibus
1415 2406 1603 2456 umbris

217 2505 315 2536 nox
352 2488 509 2551 operit
546 2497 707 2548 terras,
750 2489 980 2552 quotiens
1017 2498 1146 2538 astra
1182 2488 1326 2552 ignea
1362 2498 1578 2552 surgunt,

216 2571 454 2619 admonet
490 2569 542 2617 in
579 2570 766 2619 somnis
804 2579 852 2620 et
889 2570 1086 2620 turbida
1123 2580 1268 2620 terret
1304 2570 1467 2635 imago
1485 2589 1499 2631 3

217 2667 297 2699 me
333 2667 454 2714 puer
489 2651 734 2700 Ascanius
771 2651 1045 2716 capitisque
1080 2652 1256 2702 iniuria
1290 2652 1402 2713 cari,

217 2748 366 2795 quem
403 2748 554 2795 regno
593 2733 867 2797 Hesperiae
902 2736 1077 2784 fraudo
1114 2744 1162 2784 et
1197 2734 1426 2784 fatalibus
1461 2734 1599 2784 arvis.
1812 2751 1889 2794 355

270 2872 462 2912 325-355
484 2861 576 2901 MP
789 2876 869 2914 343
901 2865 1089 2905 Priami.
1148 2871 1403 2905 ,manerent
1423 2865 1632 2904 damnant
1649 2863 1890 2927 Peerlkamp

217 2920 384 2960 Ribbeck
547 2920 628 2969 348
659 2919 841 2970 detinet]
878 2920 1069 2959 demeret
1090 2895 1314 2959 Paristnus
1343 2922 1451 2969 7906
1479 2918 1629 2970 quod‘
1644 2919 1687 2957 in
1714 2919 1830 2958 novis
1854 2923 1894 2958 et.

216 2974 440 3013 emendatis
460 2973 593 3013 libre's'
616 2973 823 3024 quosdam
849 2974 1047 3013 mvem'sse
1067 2974 1162 3013 diat
1179 2974 1234 3014 D.
1257 2972 1371 3013 Serv.
