2014 3372
214 138 266 185 P.
308 138 607 186 VERGILI
647 138 973 187 MARONIS

207 294 294 340 per
330 275 522 326 medios
559 275 763 339 insignis
801 275 940 339 equis
978 275 1299 339 tumidusque
1335 279 1558 327 secundo

209 360 372 407 Marte
408 361 555 407 ruat?
609 376 712 407 non
749 360 915 406 clausa
951 367 1123 421 tegunt
1158 358 1257 406 iam
1295 359 1493 408 moenia
1528 362 1781 411 Teucros:

206 439 327 503 quin
363 440 491 489 intra
525 449 691 503 portas
727 448 876 503 atque
913 439 1031 503 ipsis
1067 439 1254 503 proelia
1291 440 1501 490 miscent

204 520 463 584 aggeribus
501 539 754 570 murorum
791 530 840 569 et
875 520 1121 570 inundant
1157 521 1395 584 sanguine
1436 524 1605 572 fossas.

204 604 402 651 Aeneas
439 602 635 666 ignarus
671 603 824 650 abest.
900 618 1243 664 numquamne
1282 602 1430 651 levari
1835 625 1883 666 25

204 683 468 732 obsidione
505 682 674 732 sines?
720 682 869 731 muris
907 682 1085 731 iterum
1122 682 1347 732 imminet
1388 684 1544 733 hostis

205 767 453 813 nascentis
490 764 671 813 Troiae
708 781 800 813 nec
837 781 939 813 non
977 763 1216 812 exercitus
1251 766 1386 825 alter,

203 854 354 909 atque
390 845 568 895 iterum
604 845 656 894 in
693 847 914 894 Teucros
950 845 1142 894 Aetolis
1180 845 1331 909 surgit
1366 847 1430 894 ab
1467 846 1613 910 Arpis

204 927 440 990 Tydides.
516 927 750 991 equidem
787 929 952 986 credo,
992 944 1104 975 mea
1138 929 1340 975 vulnera
1376 936 1561 976 restant

203 1018 252 1058 et
289 1019 373 1058 tua
410 1009 669 1073 progenies
708 1009 932 1057 mortalia
969 1010 1200 1057 demoror
1235 1026 1383 1058 arma.
1829 1033 1883 1072 30

203 1090 243 1139 si
281 1090 386 1140 sine
423 1108 547 1154 pace
583 1100 668 1140 tua
703 1100 853 1153 atque
889 1090 1044 1139 invito
1081 1090 1286 1139 numine
1323 1093 1479 1140 Troes

205 1172 402 1221 Italiam
438 1172 636 1236 petiere,
676 1174 815 1220 luant
850 1181 1055 1235 peccata
1092 1188 1255 1234 neque
1291 1171 1402 1222 illos

201 1254 379 1304 iuveris
416 1254 598 1303 auxilio
615 1273 628 1315 3
676 1253 752 1302 sin
788 1262 862 1302 tot
897 1270 1135 1317 responsa
1171 1253 1327 1302 secuti

203 1353 330 1399 quae
368 1335 532 1399 superi
568 1352 840 1398 manesque
877 1336 1076 1395 dabant,
1119 1353 1204 1384 cur
1240 1353 1375 1384 nunc
1411 1345 1496 1385 tua
1533 1336 1796 1401 quisquam

202 1427 388 1466 vertere
424 1418 556 1467 iussa
591 1427 756 1482 potest
790 1427 875 1465 aut
911 1434 998 1465 cur
1033 1433 1163 1465 nova
1199 1419 1415 1466 condere
1450 1420 1586 1468 fata?
1825 1440 1876 1481 35

202 1498 324 1561 quid
360 1508 580 1561 repetam
617 1507 811 1548 exustas
850 1497 1064 1560 Erycino
1100 1497 1151 1545 in
1189 1498 1329 1547 litore
1367 1499 1548 1559 classis,

202 1579 324 1642 quid
361 1589 712 1643 tempestatum
749 1595 914 1641 regem
951 1588 1226 1641 ventosque
1262 1580 1467 1628 furentis

203 1661 378 1710 Aeolia
414 1660 599 1709 excitos
635 1669 720 1708 aut
756 1669 918 1708 actam
955 1659 1172 1708 nubibus
1212 1659 1372 1709 Irim?

202 1759 336 1790 nunc
373 1741 522 1790 etiam
559 1741 718 1789 manis
756 1740 902 1805 (haec
938 1740 1231 1804 intemptata
1268 1743 1502 1792 manebat

202 1840 305 1871 sors
342 1823 526 1887 rerum)
562 1832 729 1872 movet
765 1832 813 1871 et
850 1822 1038 1886 superis
1076 1823 1296 1872 immissa
1332 1834 1534 1888 repente
1825 1847 1880 1888 40

200 1907 396 1953 Allecto
433 1904 622 1953 medias
662 1906 844 1952 Italum
881 1904 1122 1952 bacchata
1158 1922 1245 1967 per
1280 1908 1439 1955 urbes.

200 1986 269 2033 nil
307 2003 452 2049 super
488 1986 695 2050 imperio
733 2002 936 2035 moveor
956 2004 969 2046 3
1020 1987 1322 2050 speravimus
1359 1989 1465 2049 ista,

199 2070 321 2117 dum
357 2071 554 2118 fortuna
589 2068 680 2116 fuit
700 2086 712 2128 3
766 2067 980 2128 vincant,
1026 2086 1151 2132 quos
1189 2070 1385 2120 vincere
1422 2071 1590 2121 mavis.

198 2149 239 2197 si
275 2152 410 2198 nulla
446 2160 519 2199 est
555 2149 688 2213 regio
725 2149 930 2199 Teucris
970 2168 1120 2214 quam
1157 2154 1242 2201 det
1278 2162 1362 2202 tua
1398 2153 1615 2202 coniunx

198 2233 333 2291 dura,
373 2249 460 2295 per
496 2249 706 2292 eversae,
747 2232 951 2295 genitor,
994 2234 1234 2283 fumantia
1269 2235 1449 2284 Troiae
1824 2256 1877 2297 45

198 2312 389 2362 excidia
425 2315 678 2362 obtestor:
729 2314 874 2363 liceat
914 2314 1161 2364 dimittere
1196 2317 1259 2365 ab
1296 2317 1442 2365 armis

197 2392 500 2443 incolumem
538 2395 825 2456 Ascanium,
866 2396 1010 2445 liceat
1047 2414 1301 2461 superesse
1336 2407 1585 2460 nepotem.

197 2477 394 2524 Aeneas
432 2494 550 2526 sane
587 2478 767 2541 ignotis
807 2478 1014 2527 iactetur
1049 2479 1100 2527 in
1137 2478 1284 2528 undis

198 2565 247 2604 et
282 2574 600 2621 quacumque
638 2559 770 2607 viam
809 2560 1001 2609 dederit
1039 2562 1257 2608 Fortuna
1299 2570 1559 2624 sequatur:

198 2639 331 2687 hunc
368 2649 532 2703 tegere
571 2650 618 2689 et
658 2640 792 2689 dirae
829 2643 1019 2689 valeam
1057 2641 1335 2689 subducere
1370 2658 1578 2705 pugnae.
1823 2664 1876 2704 50

253 2791 390 2828 21-26
420 2789 612 2836 MPRV;
655 2803 791 2839 27-50
818 2789 949 2828 MPR
1169 2804 1222 2829 22
1253 2791 1438 2830 claustra
1459 2790 1556 2831 Ml:
1585 2805 1672 2832 non
1693 2791 1873 2832 claustra

198 2848 350 2892 tegunt
373 2856 458 2882 non
481 2845 646 2882 moenia
670 2844 892 2894 Wakefield
1011 2858 1063 2894 24
1095 2845 1233 2886 fossae
1254 2845 1411 2884 ΜΕεπ2
1539 2847 1592 2885 28
1612 2852 1759 2896 surget
1770 2846 1873 2897 M7b

199 2899 250 2946 48
281 2899 404 2949 sane]
427 2899 575 2948 procul
595 2898 660 2936 Rc
763 2899 907 2951 undis]
931 2900 1017 2939 oris
1036 2898 1141 2951 P²7¹
1253 2913 1307 2950 49
1335 2912 1602 2951 quacumque
1619 2901 1664 2939 P
1678 2900 1870 2952 Bentley:

198 2964 507 3003 quamcumque
529 2953 642 2991 ceteri
