2014 3372
154 170 156 173 ’
226 153 279 200 Ρ.
320 153 619 201 VERGILI
659 154 984 204 MARONIS

225 301 469 342 certantes
505 295 865 357 pulchramque
901 304 1078 358 petunt
1113 314 1200 361 per
1235 300 1438 348 vulnera
1473 309 1697 351 mortem.
1756 296 1758 300 ’

293 377 362 422 At
398 375 588 424 medias
625 375 752 424 inter
790 378 968 426 caedes
1006 380 1215 427 exsultat
1252 382 1477 429 Amazon

223 474 379 504 unum
417 466 605 506 exserta
642 459 768 506 latus
805 475 1015 522 pugnae,
1055 461 1334 523 pharetrata
1371 462 1594 523 Camilla,

219 546 268 586 et
304 555 439 587 nunc
476 540 800 587 lentasmanu
838 557 1070 604 spargens
1107 541 1302 590 hastilia
1337 544 1526 604 denset,
1816 556 1897 609 650

217 635 351 667 nunc
388 619 604 668 validam
644 622 814 669 dextra
852 621 978 685 rapit
1015 622 1263 672 indefessa
1300 623 1604 687 bipennem3

215 717 392 750 aureus
430 718 489 749 ex
527 707 700 751 umero
739 712 884 752 sonat
921 720 1063 753 arcus
1102 713 1150 753 et
1185 721 1322 753 arma
1359 705 1563 755 Dianae.

215 782 297 831 illa
335 782 497 844 etiam,
538 783 579 832 si
618 787 822 848 quando
860 785 912 834 in
951 795 1141 850 tergum
1178 789 1321 851 pulsa
1357 785 1570 849 receSsit,

217 864 405 928 spicula
442 883 684 916 converso
723 867 960 931 fugientia
999 867 1162 931 dirigit
1197 886 1326 917 arcu.

213 956 263 996 at
300 947 486 997 circum
523 950 681 998 lectae
723 949 943 1010 comites,
990 950 1268 1014 Larinaque
1305 950 1440 1016 virgo
1812 962 1892 1016 655

214 1031 460 1094 Tullaque
497 1039 545 1080 et
581 1041 798 1081 aeratam
838 1032 1066 1096 quatiens
1107 1033 1319 1097 Tarpeia
1355 1033 1578 1095 securim,

214 1111 430 1172 Italides,
472 1130 594 1176 quas
631 1113 739 1177 ipsa
778 1116 931 1164 decus
972 1114 1066 1164 sibi
1105 1115 1187 1164 dia
1225 1115 1436 1165 Camilla

213 1194 395 1258 delegit
431 1195 667 1259 pacisque
708 1197 866 1246 bonas
907 1197 1126 1261 bellique
1165 1196 1440 1246 ministras:

212 1278 383 1339 quales
421 1277 682 1327 Threiciae
723 1296 837 1327 eum
877 1279 1083 1328 flumina
1123 1279 1514 1328 Thermodontis

211 1359 411 1420 pulsant
448 1367 496 1407 et
533 1359 677 1422 pictis
718 1361 965 1409 bellantur
1003 1363 1283 1410 Amazones
1320 1361 1482 1421 armis,
1811 1370 1892 1412 660

212 1456 299 1488 seu
336 1439 523 1489 circum
564 1441 876 1505 Hippolyten
916 1460 1003 1492 seu
1043 1460 1158 1492 cum
1195 1460 1248 1492 se
1288 1443 1468 1492 Martia
1504 1460 1647 1493 curru

212 1522 526 1571 Penthesilea
563 1525 720 1583 refert,
766 1541 1049 1588 magnoque
1089 1527 1310 1574 ululante
1347 1527 1562 1573 tumultu

209 1603 425 1652 feminea
463 1606 707 1653 exsultant
748 1605 929 1655 lunatis
967 1605 1166 1669 agmina
1201 1605 1358 1669 peltis.

280 1687 446 1748 Quem
483 1689 583 1736 telo
622 1687 852 1751 primum,
897 1705 1047 1752 quem
1085 1697 1405 1752 postremum,
1446 1705 1620 1751 aspera
1654 1689 1803 1754 virgo,

209 1767 404 1817 deicis?
450 1778 535 1818 aut
572 1778 694 1833 quot
732 1770 873 1819 humi
914 1770 1175 1819 morientia
1213 1787 1419 1834 corpora
1455 1770 1663 1820 fundis?
1806 1780 1886 1832 665

210 1851 442 1898 Euneum
480 1850 644 1913 Clytio
682 1851 897 1914 primum
935 1860 1085 1914 patre,
1130 1852 1269 1900 cuius
1307 1860 1533 1915 apertum

206 1931 399 1980 adversi
434 1933 582 1995 longa
619 1933 976 1981 transverberat
1015 1932 1177 1981 abiete
1215 1942 1401 1996 pectus.

207 2013 459 2076 sanguinis
496 2013 577 2062 ille
613 2031 820 2063 vomens
858 2014 987 2064 rivos
1027 2015 1159 2064 cadit
1197 2025 1346 2079 atque
1384 2027 1639 2067 cruentam

207 2095 399 2144 mandit
436 2097 646 2144 humum
683 2096 999 2160 moriensque
1040 2115 1129 2147 suo
1170 2115 1222 2147 se
1258 2099 1310 2147 in
1349 2102 1550 2149 vulnere
1587 2110 1758 2149 versat.

206 2185 312 2227 tum
352 2176 505 2225 Lirim
543 2180 888 2242 Pagasumque
927 2197 1086 2243 super,
1131 2199 1343 2245 quorum
1380 2184 1502 2231 alter
1538 2182 1759 2231 habenas
1808 2191 1888 2244 670

207 2260 394 2307 suffuso
431 2251 680 2309 revolutus
718 2279 848 2324 equo
887 2264 1008 2311 dum
1048 2267 1246 2330 colligit,
1289 2271 1411 2318 alter

206 2341 328 2388 dum
365 2340 499 2389 subit
534 2359 593 2390 ac
629 2344 851 2392 dextram
891 2346 1079 2395 labenti
1119 2350 1279 2399 tendit
1317 2351 1572 2410 inermem,

204 2421 497 2486 praecipites
533 2424 811 2488 pariterque
850 2439 1009 2477 ruunt.
1089 2431 1164 2479 his
1203 2432 1343 2482 addit
1381 2436 1668 2482 Amastrum

207 2503 551 2567 Hippotaden,
591 2508 912 2574 sequiturque
954 2513 1250 2564 incumbens
1289 2514 1482 2564 eminus
1519 2517 1660 2563 hasta

205 2587 464 2650 Tereaque
475 2591 916 2657 Harpalycumque
936 2605 984 2644 et
1005 2599 1396 2660 Demophoonta
1405 2597 1786 2660 Chromimquej
1805 2603 1883 2654 675

259 2720 448 2771 647—675
480 2721 572 2761 MR
797 2727 878 2775 650
909 2726 1059 2765 densat
1092 2725 1327 2777 M¹R75mn
1440 2729 1521 2776 653
1552 2728 1595 2765 in
1626 2733 1805 2780 tergum,
1847 2729 1886 2768 si

206 2774 378 2822 quando
397 2776 421 2813 b
441 2777 613 2817 Ribbeck
774 2782 855 2830 654
886 2780 1044 2830 derigit
1067 2781 1174 2821 codd.
1193 2786 1357 2833 praeter
1373 2781 1463 2821 blm
1614 2784 1694 2832 657
1725 2783 1795 2824 dia
1815 2782 1885 2821 M²

207 2829 322 2877 (corr.
355 2843 381 2868 a
407 2832 549 2882 prima
572 2833 723 2887 manu)
755 2833 910 2885 7¹b²c²rr
940 2834 1146 2875 deten'ores
1176 2836 1364 2886 quidam,
1387 2840 1591 2875 testantur
1607 2835 1721 2876 Serv.
1734 2851 1883 2889 gram-

207 2885 370 2924 matici:
401 2887 497 2926 diva
520 2887 703 2939 M172c1:
735 2890 841 2928 dura
860 2889 902 2928 R
1025 2891 1107 2939 658
1137 2891 1275 2930 bonae
1302 2889 1463 2940 R7‘2bm
1575 2893 1658 2940 659
1687 2891 1884 2930 Threicia

204 2937 370 2990 Bentley
483 2945 565 2993 665
598 2943 728 2983 deicit
749 2974 758 2984 .
783 2974 792 2984 .
817 2974 827 2983 .
851 2944 989 2983 fundit
1018 2945 1183 2995 Bentley
1306 2947 1383 2994 671
1418 2944 1575 2984 suffuso
1604 2944 1659 2982 M
1665 2943 1680 2966 ²
1707 2945 1823 2994 (corr.
1857 2959 1885 2985 a

198 2997 343 3046 prima
367 2998 524 3050 manu)
546 2997 683 3049 R7b²c
708 2997 820 3037 Serv.
841 3012 849 3038 :
890 2999 1073 3038 suffosso
1095 2998 1232 3038 M¹b¹n
1263 3000 1446 3051 agnoscit
1465 2998 1578 3038 Serv.
1607 2999 1672 3050 (ef
1698 2999 1756 3040 iii.
1780 3001 1880 3053 663)

205 3052 285 3100 672
319 3051 503 3091 inertem
524 3066 618 3103 ’γι-νη
638 3051 694 3092 D.
718 3052 834 3093 Serv.
858 3053 1028 3091 Ribbeck
