2014 3372
1366 177 1729 228 AENEIDOS
1765 178 1814 225 V

149 317 420 367 Nereidum
454 318 733 382 Phorcique
768 319 947 367 chorus
985 321 1318 382 Panopeaque
1354 317 1503 381 virgo,
1732 336 1812 377 240

148 405 196 444 et
231 405 368 460 pater
404 397 509 461 ipse
545 414 695 446 manu
732 414 910 461 magna
946 399 1194 445 Portunus
1231 405 1432 445 euntem

147 476 369 540 impulit:
418 478 499 527 illa
531 488 652 528 noto
689 478 832 528 citius
867 478 1153 542 volucrique
1189 478 1364 541 sagitta

146 559 211 607 ad
247 567 422 607 terram
459 559 580 623 fugit
615 569 664 609 et
699 570 844 624 portu
880 577 933 609 se
969 559 1195 609 condidit
1229 562 1343 608 alto.

214 642 345 688 Tum
383 650 515 690 satus
551 642 772 691 Anchisa
808 641 997 691 cunctis
1034 659 1093 691 ex
1128 659 1265 691 more
1299 640 1486 690 vocatis

146 720 381 770 victorem
420 739 597 785 magna
632 723 889 786 praeconis
925 739 1048 772 voce
1085 724 1392 773 Cloanthum
1731 739 1808 780 245

146 803 360 851 declarat
396 803 636 867 viridique
670 805 866 852 advelat
902 812 1126 867 tempora
1161 806 1311 863 lauro,

146 901 448 948 muneraque
483 885 534 933 in
570 885 707 934 navis
743 894 908 934 ternos
946 895 1116 948 optare
1152 885 1387 934 iuvencos

145 966 356 1030 vinaque
393 977 440 1016 et
475 967 662 1031 argenti
699 984 933 1031 magnum
971 969 1056 1016 dat
1092 969 1215 1016 ferre
1251 969 1504 1015 talentum.

145 1046 260 1109 ipsis
297 1048 588 1111 praecipuos
625 1048 913 1098 ductoribus
949 1048 1089 1098 addit
1124 1050 1370 1097 honores:

147 1128 317 1177 victori
355 1131 667 1193 chlamydem
703 1139 937 1191 auratam,
971 1147 1121 1194 quam
1157 1129 1368 1194 plurima
1403 1128 1590 1178 circum
1730 1146 1811 1186 250

145 1227 358 1274 purpura
391 1214 665 1261 Maeandro
702 1212 887 1276 duplici
926 1212 1180 1262 Meliboea
1216 1211 1441 1272 cucurrit,

146 1291 457 1357 intextusque
493 1311 615 1357 puer
650 1296 884 1344 frondosa
919 1295 1078 1358 regius
1113 1296 1206 1344 Ida

144 1374 326 1423 velocis
364 1374 524 1424 iaculo
561 1392 730 1425 cervos
767 1393 1013 1439 cursuque
1048 1375 1216 1439 fatigat

144 1471 269 1515 acer,
308 1457 560 1505 anhelanti
596 1457 781 1516 similis,
820 1474 967 1520 quem
1006 1473 1212 1520 praepes
1249 1457 1314 1505 ab
1351 1457 1444 1505 Ida

144 1535 407 1586 sublimem
442 1537 654 1600 pedibus
690 1538 850 1601 rapuit
887 1537 1020 1587 Iovis
1054 1537 1262 1600 armiger
1298 1537 1467 1586 uncis:
1732 1556 1809 1597 255

144 1618 368 1681 longaevi
404 1621 592 1682 palmas
629 1619 932 1682 nequiquam
967 1621 1032 1668 ad
1069 1619 1229 1668 sidera
1265 1620 1477 1667 tendunt

144 1701 390 1759 custodes,
432 1699 683 1762 saevitque
719 1716 900 1748 canum
935 1702 1135 1749 latratus
1171 1699 1222 1747 in
1258 1716 1413 1748 auras.

142 1789 192 1829 at
229 1781 314 1844 qui
352 1781 534 1830 deinde
571 1784 737 1830 locum
774 1781 931 1830 tenuit
966 1781 1143 1831 virtute
1179 1782 1470 1840 secundum,

143 1861 332 1910 levibus
371 1862 488 1911 huic
523 1862 682 1911 hamis
718 1872 996 1911 consertam
1032 1879 1252 1925 auroque
1288 1861 1495 1911 trilicem

142 1942 358 2003 loricam,
400 1961 549 2007 quam
588 1946 833 1993 Demoleo
869 1946 1141 1993 detraxerat
1177 1944 1282 2007 ipse
1731 1949 1810 1992 260

142 2023 296 2074 victor
330 2028 465 2089 apud
501 2026 727 2090 rapidum
764 2026 1018 2075 Simoenta
1053 2027 1147 2075 sub
1185 2025 1278 2074 Ilio
1314 2027 1428 2084 alto,

142 2107 296 2155 donat
332 2108 528 2167 habere,
567 2108 670 2156 viro
707 2109 859 2156 decus
896 2117 944 2156 et
980 2116 1202 2156 tutamen
1238 2107 1288 2154 in
1323 2106 1482 2155 armis.

142 2186 220 2234 vix
254 2187 387 2236 illam
423 2188 594 2239 famuli
631 2190 856 2252 Phegeus
893 2187 1181 2251 Sagarisque
1217 2187 1439 2236 ferebant

143 2268 465 2332 multiplicem
503 2269 666 2319 conixi
702 2270 883 2319 umeris
901 2289 913 2330 3
960 2269 1162 2318 indutus
1199 2278 1248 2317 at
1284 2268 1402 2317 olim

145 2351 413 2403 Demoleos
451 2367 595 2400 cursu
631 2351 840 2414 palantis
876 2354 1033 2400 Troas
1069 2350 1257 2414 agebat.
1727 2357 1804 2410 265

142 2431 282 2480 tertia
318 2434 450 2482 dona
487 2432 602 2481 facit
637 2432 861 2496 geminos
897 2450 956 2482 ex
991 2449 1102 2481 aere
1137 2432 1323 2480 lebetas

142 2512 436 2576 cymbiaque
472 2522 674 2577 argento
710 2515 925 2576 perfecta
960 2523 1110 2576 atque
1145 2529 1317 2575 aspera
1353 2510 1516 2576 signis.

142 2591 340 2656 iamque
374 2595 502 2643 adeo
539 2594 711 2644 donati
747 2612 921 2644 omnes
958 2594 1237 2657 opibusque
1273 2592 1471 2657 superbi

143 2673 364 2737 puniceis
401 2674 539 2723 ibant
578 2675 759 2724 evincti
795 2685 1019 2738 tempora
1054 2674 1225 2734 taenis,

198 2817 279 2853 240
300 2802 456 2852 MPR;
486 2805 677 2852 241-269
697 2803 874 2842 MPRV
1049 2816 1125 2852 241
1158 2803 1383 2852 Neptunus
1404 2801 1446 2849 ’γι
1556 2814 1634 2851 247
1661 2806 1806 2851 aptare

142 2857 308 2909 7²bcmn·
417 2871 497 2907 249
517 2859 746 2907 praecipue
760 2858 812 2896 M
820 2857 984 2896 Nonius
1093 2869 1173 2906 254
1194 2858 1247 2895 ab
1270 2856 1359 2906 Ida]
1380 2857 1434 2894 ab
1446 2855 1531 2894 alto
1547 2854 1775 2894 Burmann
1796 2869 1804 2893 :

142 2913 195 2951 ab
222 2912 372 2951 aethra
401 2911 625 2961 Schrader;
654 2914 726 2950 sed
749 2911 837 2950 vide
854 2911 999 2961 Hemy
1017 2910 1076 2949 ad
1095 2911 1205 2948 hunc
1230 2911 1364 2949 locum
1491 2923 1569 2959 257
1601 2909 1666 2961 in]
1694 2909 1748 2947 ad
1767 2909 1809 2947 P

143 2967 226 3027 360
254 2966 335 3016 ipsi
356 2965 409 3004 M
413 2966 482 3016 ¹(3)
644 2967 725 3005 262
756 2965 1007 3016 interpunxit
1025 2963 1226 3015 Schro‘ter,
1248 2965 1370 3016 vulgo
1390 2965 1517 3003 donat
1536 2964 1695 3003 habere
1714 2963 1803 3003 viro

143 3025 330 3072 tangunt
