2014 3372
414 641 484 706 P.
538 631 938 705 VERGILI
1009 639 1459 705 MARONIS

615 804 1246 878 AENEIDOS

769 987 982 1033 LIBER
1018 949 1094 1033 XI

176 1136 443 1185 OCEANVM
480 1133 667 1184 interea
702 1151 902 1198 surgens
938 1139 1130 1185 Aurora
1164 1136 1391 1199 reliquit:

102 1218 313 1275 Aeneas,
353 1232 655 1279 quamquam
692 1225 741 1265 et
776 1216 921 1264 sociis
958 1218 1074 1265 dare
1110 1226 1306 1280 tempus
1341 1216 1607 1265 humandis

101 1297 425 1360 praecipitant
460 1314 605 1345 curae
642 1298 933 1360 turbataque
970 1299 1139 1347 funere
1175 1315 1316 1347 mens
1352 1307 1438 1357 est,

102 1385 218 1424 vota
253 1379 404 1425 deum
440 1377 600 1440 primo
636 1377 791 1426 victor
827 1379 1048 1427 solvebat
1086 1381 1207 1427 Eoo.

102 1455 352 1519 ingentem
389 1474 625 1520 quercum
661 1458 839 1507 decisis
875 1459 1097 1522 undique
1132 1459 1278 1507 ramis
1745 1480 1767 1519 5

103 1537 358 1586 constituit
394 1540 586 1587 tumulo
622 1539 957 1602 fulgentiaque
993 1540 1154 1589 induit
1189 1557 1336 1599 arma,

104 1618 322 1666 Mezenti
357 1618 497 1668 ducis
534 1619 744 1678 exuvias,
786 1619 889 1680 tibi,
928 1638 1118 1684 magne,
1159 1630 1427 1683 tropaeum,

102 1699 397 1762 bellipotens
416 1719 429 1760 ,·
475 1709 610 1763 aptat
646 1701 853 1749 rorantis
890 1702 1126 1766 sanguine
1163 1702 1331 1751 cristas

102 1781 298 1842 telaque
334 1789 506 1828 trunca
541 1780 642 1840 viri,
682 1790 730 1830 et
765 1782 842 1830 bis
879 1799 962 1831 sex
999 1785 1199 1832 thoraca
1234 1783 1443 1846 petitum

101 1862 476 1924 perfossumque
512 1862 645 1921 locis,
686 1863 999 1927 clipeumque
1035 1881 1094 1913 ex
1128 1881 1239 1913 aere
1275 1864 1497 1913 sinistrae
1720 1884 1769 1910 10

102 1940 312 2004 subligat
347 1951 496 2005 atque
533 1959 703 1991 ensem
740 1945 870 1992 collo
906 1944 1164 2006 suspendit
1198 1945 1456 1992 eburnum.

102 2030 208 2069 tum
245 2023 405 2072 socios
444 2023 681 2088 (namque
718 2023 879 2072 omnis
916 2041 1030 2072 eum
1067 2024 1244 2087 stipata
1279 2026 1475 2087 tegebat

102 2103 246 2151 turba
281 2103 487 2168 ducum)
528 2104 596 2153 sic
634 2104 875 2167 incipiens
911 2106 1132 2152 hortatur
1167 2105 1390 2154 ovantis:

106 2183 347 2233 ‘maxima
384 2202 459 2234 res
496 2187 681 2245 effecta,
722 2184 810 2233 viri
830 2204 843 2246 3
892 2185 1038 2234 timor
1074 2185 1235 2234 omnis
1271 2187 1456 2246 abesto,

103 2266 240 2326 quod
277 2275 496 2329 superest
513 2285 526 2327 3
575 2268 698 2315 haec
735 2276 849 2315 sunt
885 2266 1042 2329 spolia
1077 2275 1125 2314 et
1161 2268 1224 2315 de
1260 2284 1371 2330 rege
1408 2267 1620 2330 superbo
1714 2285 1764 2326 15

103 2344 346 2406 primitiae
382 2347 711 2411 manibusque
749 2347 871 2396 meis
913 2347 1189 2396 Mezentius
1226 2347 1306 2396 hic
1342 2357 1427 2396 est.

103 2442 236 2474 nunc
272 2425 362 2475 iter
396 2429 461 2475 ad
497 2445 660 2490 regem
697 2428 842 2477 nobis
880 2445 1145 2491 murosque
1183 2427 1398 2477 Latinos.

103 2523 238 2555 arma
273 2516 453 2570 parate,
491 2508 668 2557 animis
705 2518 753 2557 et
790 2526 877 2572 spe
913 2509 1210 2572 praesumite
1246 2510 1446 2568 bellum,

104 2603 167 2634 ne
203 2603 301 2649 qua
336 2605 474 2637 mora
508 2588 716 2652 ignaros,
754 2590 841 2638 ubi
876 2590 1090 2653 primum
1126 2592 1303 2639 vellere
1340 2590 1478 2653 signa

103 2667 367 2716 adnuerint
403 2669 564 2732 superi
599 2671 885 2734 pubemque
923 2673 1132 2720 educere
1169 2671 1350 2730 castris,
1588 2679 1591 2681 ’
1719 2692 1768 2719 20

104 2746 342 2810 impediat
378 2749 598 2811 segnisve
635 2760 770 2799 metu
808 2739 1050 2800 sententia
1086 2753 1255 2800 tardet.

104 2826 290 2878 interea
326 2828 486 2878 socios
522 2829 876 2894 inhumataque
913 2848 1119 2894 corpora
1154 2841 1307 2880 terrae

165 2971 268 2997 1—22
307 2958 437 2998 MPR
712 2963 762 3000 18
801 2961 927 3014 vulgo
973 2975 1088 3001 arma
1131 2968 1276 3012 parate
1316 2962 1468 3003 animis
1516 2965 1771 3016 coniungunt

106 3025 155 3050 21
188 3025 259 3052 ·ve
278 3012 419 3053 M¹R:
446 3027 549 3064 ·que
569 3014 779 3065 M²P7bcrr
