<?xml version="1.0" encoding="UTF-8"?>
<!DOCTYPE html PUBLIC "-//W3C//DTD XHTML 1.0 Transitional//EN"
    "http://www.w3.org/TR/xhtml1/DTD/xhtml1-transitional.dtd">
<html xmlns="http://www.w3.org/1999/xhtml" xml:lang="en" lang="en">
 <head>
  <title>
</title>
<meta http-equiv="Content-Type" content="text/html;charset=utf-8" />
  <meta name='ocr-system' content='tesseract 3.04.00' />
  <meta name='ocr-capabilities' content='ocr_page ocr_carea ocr_par ocr_line ocrx_word'/>
</head>
<body>
  <div class='ocr_page' id='page_1' title='image "./operarecognovitb00virguoft_0319.png"; bbox 0 0 2014 3372; ppageno 0'>
   <div class='ocr_carea' id='block_1_1' title="bbox 1291 162 1826 213">
    <p class='ocr_par' dir='ltr' id='par_1_1' title="bbox 1291 162 1826 213">
     <span class='ocr_line' id='line_1_1' title="bbox 1291 162 1826 213; baseline -0.006 -1"><span class='ocrx_word' id='word_1_1' title='bbox 1291 163 1653 213; x_wconf 91' lang='lat' dir='ltr'>AENEIDOS</span> <span class='ocrx_word' id='word_1_2' title='bbox 1689 162 1826 210; x_wconf 93' lang='lat' dir='ltr'>VIII</span> 
     </span>
    </p>
   </div>
   <div class='ocr_carea' id='block_1_2' title="bbox 147 302 1828 2723">
    <p class='ocr_par' dir='ltr' id='par_1_2' title="bbox 147 302 1827 1020">
     <span class='ocr_line' id='line_1_2' title="bbox 229 302 1824 371; baseline -0.005 -15"><span class='ocrx_word' id='word_1_3' title='bbox 229 310 373 357; x_wconf 91' lang='lat' dir='ltr'>Haec</span> <span class='ocrx_word' id='word_1_4' title='bbox 408 306 495 356; x_wconf 90' lang='lat' dir='ltr'>ubi</span> <span class='ocrx_word' id='word_1_5' title='bbox 530 306 674 367; x_wconf 89' lang='lat' dir='ltr'>dicta,</span> <span class='ocrx_word' id='word_1_6' title='bbox 715 307 868 371; x_wconf 88' lang='lat' dir='ltr'>dapes</span> <span class='ocrx_word' id='word_1_7' title='bbox 903 305 1043 354; x_wconf 88' lang='lat' dir='ltr'>iubet</span> <span class='ocrx_word' id='word_1_8' title='bbox 1078 313 1127 353; x_wconf 92' lang='lat' dir='ltr'>et</span> <span class='ocrx_word' id='word_1_9' title='bbox 1163 304 1356 352; x_wconf 89' lang='lat' dir='ltr'>sublata</span> <span class='ocrx_word' id='word_1_10' title='bbox 1391 302 1566 366; x_wconf 90' lang='lat' dir='ltr'>reponi</span> <span class='ocrx_word' id='word_1_11' title='bbox 1749 319 1824 360; x_wconf 86' lang='lat'>175</span> 
     </span>
     <span class='ocr_line' id='line_1_3' title="bbox 159 385 1386 454; baseline -0.004 -17"><span class='ocrx_word' id='word_1_12' title='bbox 159 391 339 454; x_wconf 90' lang='lat' dir='ltr'>pocula</span> <span class='ocrx_word' id='word_1_13' title='bbox 372 387 725 452; x_wconf 84' lang='lat' dir='ltr'>gramineoque</span> <span class='ocrx_word' id='word_1_14' title='bbox 758 386 887 435; x_wconf 91' lang='lat' dir='ltr'>viros</span> <span class='ocrx_word' id='word_1_15' title='bbox 923 389 1055 435; x_wconf 93' lang='lat' dir='ltr'>locat</span> <span class='ocrx_word' id='word_1_16' title='bbox 1089 385 1195 449; x_wconf 92' lang='lat' dir='ltr'>ipse</span> <span class='ocrx_word' id='word_1_17' title='bbox 1231 385 1386 444; x_wconf 91' lang='lat' dir='ltr'>sedili,</span> 
     </span>
     <span class='ocr_line' id='line_1_4' title="bbox 160 465 1361 534; baseline -0.004 -16"><span class='ocrx_word' id='word_1_18' title='bbox 160 469 580 534; x_wconf 90' lang='lat' dir='ltr'>praecipuumque</span> <span class='ocrx_word' id='word_1_19' title='bbox 615 477 723 517; x_wconf 93' lang='lat' dir='ltr'>toro</span> <span class='ocrx_word' id='word_1_20' title='bbox 760 477 809 516; x_wconf 88' lang='lat' dir='ltr'>et</span> <span class='ocrx_word' id='word_1_21' title='bbox 844 467 1004 516; x_wconf 89' lang='lat' dir='ltr'>villosi</span> <span class='ocrx_word' id='word_1_22' title='bbox 1039 469 1168 530; x_wconf 92' lang='lat' dir='ltr'>pelle</span> <span class='ocrx_word' id='word_1_23' title='bbox 1203 465 1361 514; x_wconf 91' lang='lat' dir='ltr'>leonis</span> 
     </span>
     <span class='ocr_line' id='line_1_5' title="bbox 158 548 1273 613; baseline -0.004 -14"><span class='ocrx_word' id='word_1_24' title='bbox 158 550 337 613; x_wconf 87' lang='lat' dir='ltr'>accipit</span> <span class='ocrx_word' id='word_1_25' title='bbox 372 553 579 598; x_wconf 85' lang='lat' dir='ltr'>Aenean</span> <span class='ocrx_word' id='word_1_26' title='bbox 615 549 839 613; x_wconf 91' lang='lat' dir='ltr'>solioque</span> <span class='ocrx_word' id='word_1_27' title='bbox 875 548 1047 597; x_wconf 91' lang='lat' dir='ltr'>invitat</span> <span class='ocrx_word' id='word_1_28' title='bbox 1082 564 1273 596; x_wconf 87' lang='lat' dir='ltr'>acerno.</span> 
     </span>
     <span class='ocr_line' id='line_1_6' title="bbox 159 629 1419 692; baseline -0.003 -12"><span class='ocrx_word' id='word_1_29' title='bbox 159 642 264 680; x_wconf 90' lang='lat' dir='ltr'>tum</span> <span class='ocrx_word' id='word_1_30' title='bbox 300 631 414 680; x_wconf 90' lang='lat' dir='ltr'>lecti</span> <span class='ocrx_word' id='word_1_31' title='bbox 449 631 650 680; x_wconf 88' lang='lat' dir='ltr'>iuvenes</span> <span class='ocrx_word' id='word_1_32' title='bbox 686 630 908 680; x_wconf 81' lang='lat' dir='ltr'>certatim</span> <span class='ocrx_word' id='word_1_33' title='bbox 944 646 1155 692; x_wconf 91' lang='lat' dir='ltr'>araeque</span> <span class='ocrx_word' id='word_1_34' title='bbox 1191 629 1419 677; x_wconf 83' lang='lat' dir='ltr'>sacerdos</span> 
     </span>
     <span class='ocr_line' id='line_1_7' title="bbox 158 707 1827 772; baseline -0.004 -11"><span class='ocrx_word' id='word_1_35' title='bbox 158 712 343 761; x_wconf 90' lang='lat' dir='ltr'>viscera</span> <span class='ocrx_word' id='word_1_36' title='bbox 378 721 506 761; x_wconf 90' lang='lat' dir='ltr'>tosta</span> <span class='ocrx_word' id='word_1_37' title='bbox 541 714 703 760; x_wconf 88' lang='lat' dir='ltr'>ferunt</span> <span class='ocrx_word' id='word_1_38' title='bbox 738 722 1003 770; x_wconf 86' lang='lat' dir='ltr'>taurorum,</span> <span class='ocrx_word' id='word_1_39' title='bbox 1042 719 1348 772; x_wconf 82' lang='lat' dir='ltr'>onerantque</span> <span class='ocrx_word' id='word_1_40' title='bbox 1383 707 1606 757; x_wconf 85' lang='lat' dir='ltr'>canistris</span> <span class='ocrx_word' id='word_1_41' title='bbox 1750 716 1827 755; x_wconf 87' lang='lat'>180</span> 
     </span>
     <span class='ocr_line' id='line_1_8' title="bbox 147 789 1536 855; baseline -0.001 -15"><span class='ocrx_word' id='word_1_42' title='bbox 147 795 292 843; x_wconf 76' lang='lat' dir='ltr'>,dona</span> <span class='ocrx_word' id='word_1_43' title='bbox 326 794 574 842; x_wconf 81' lang='lat' dir='ltr'>laboratae</span> <span class='ocrx_word' id='word_1_44' title='bbox 611 793 814 853; x_wconf 87' lang='lat' dir='ltr'>Cereris,</span> <span class='ocrx_word' id='word_1_45' title='bbox 856 794 1210 855; x_wconf 86' lang='lat' dir='ltr'>Bacchumque</span> <span class='ocrx_word' id='word_1_46' title='bbox 1246 789 1536 839; x_wconf 89' lang='lat' dir='ltr'>ministrant.</span> 
     </span>
     <span class='ocr_line' id='line_1_9' title="bbox 158 872 1381 923; baseline -0.003 0"><span class='ocrx_word' id='word_1_47' title='bbox 158 874 368 923; x_wconf 88' lang='lat' dir='ltr'>vescitur</span> <span class='ocrx_word' id='word_1_48' title='bbox 402 877 598 922; x_wconf 88' lang='lat' dir='ltr'>Aeneas</span> <span class='ocrx_word' id='word_1_49' title='bbox 636 874 781 922; x_wconf 91' lang='lat' dir='ltr'>simul</span> <span class='ocrx_word' id='word_1_50' title='bbox 817 883 866 922; x_wconf 94' lang='lat' dir='ltr'>et</span> <span class='ocrx_word' id='word_1_51' title='bbox 901 872 1118 922; x_wconf 89' lang='lat' dir='ltr'>Troiana</span> <span class='ocrx_word' id='word_1_52' title='bbox 1153 872 1381 920; x_wconf 93' lang='lat' dir='ltr'>iuventus</span> 
     </span>
     <span class='ocr_line' id='line_1_10' title="bbox 158 953 1301 1020; baseline -0.003 -15"><span class='ocrx_word' id='word_1_53' title='bbox 158 955 380 1020; x_wconf 91' lang='lat' dir='ltr'>perpetui</span> <span class='ocrx_word' id='word_1_54' title='bbox 416 965 551 1019; x_wconf 85' lang='lat' dir='ltr'>tergo</span> <span class='ocrx_word' id='word_1_55' title='bbox 586 956 728 1004; x_wconf 91' lang='lat' dir='ltr'>bovis</span> <span class='ocrx_word' id='word_1_56' title='bbox 765 964 813 1004; x_wconf 92' lang='lat' dir='ltr'>et</span> <span class='ocrx_word' id='word_1_57' title='bbox 848 954 1129 1003; x_wconf 88' lang='lat' dir='ltr'>lustralibus</span> <span class='ocrx_word' id='word_1_58' title='bbox 1167 953 1301 1002; x_wconf 87' lang='lat' dir='ltr'>extis.</span> 
     </span>
    </p>

    <p class='ocr_par' dir='ltr' id='par_1_3' title="bbox 156 1030 1828 2723">
     <span class='ocr_line' id='line_1_11' title="bbox 226 1030 1795 1099; baseline -0.004 -14"><span class='ocrx_word' id='word_1_59' title='bbox 226 1040 496 1099; x_wconf 89' lang='lat' dir='ltr'>Postquam</span> <span class='ocrx_word' id='word_1_60' title='bbox 534 1046 761 1099; x_wconf 86' lang='lat' dir='ltr'>exempta</span> <span class='ocrx_word' id='word_1_61' title='bbox 796 1038 950 1084; x_wconf 88' lang='lat' dir='ltr'>fames</span> <span class='ocrx_word' id='word_1_62' title='bbox 987 1045 1036 1084; x_wconf 92' lang='lat' dir='ltr'>et</span> <span class='ocrx_word' id='word_1_63' title='bbox 1071 1052 1210 1084; x_wconf 91' lang='lat' dir='ltr'>amor</span> <span class='ocrx_word' id='word_1_64' title='bbox 1245 1050 1560 1096; x_wconf 90' lang='lat' dir='ltr'>compressus</span> <span class='ocrx_word' id='word_1_65' title='bbox 1597 1030 1795 1091; x_wconf 87' lang='lat' dir='ltr'>edendi,</span> 
     </span>
     <span class='ocr_line' id='line_1_12' title="bbox 157 1113 1823 1174; baseline -0.004 -8"><span class='ocrx_word' id='word_1_66' title='bbox 157 1135 239 1166; x_wconf 88' lang='lat' dir='ltr'>rex</span> <span class='ocrx_word' id='word_1_67' title='bbox 276 1119 537 1166; x_wconf 91' lang='lat' dir='ltr'>Euandrus</span> <span class='ocrx_word' id='word_1_68' title='bbox 573 1117 672 1165; x_wconf 87' lang='lat' dir='ltr'>ait:</span> <span class='ocrx_word' id='word_1_69' title='bbox 723 1122 853 1166; x_wconf 86' lang='lat' dir='ltr'>‘non</span> <span class='ocrx_word' id='word_1_70' title='bbox 889 1118 1012 1165; x_wconf 93' lang='lat' dir='ltr'>haec</span> <span class='ocrx_word' id='word_1_71' title='bbox 1048 1115 1307 1165; x_wconf 87' lang='lat' dir='ltr'>sollemnia</span> <span class='ocrx_word' id='word_1_72' title='bbox 1341 1113 1501 1174; x_wconf 91' lang='lat' dir='ltr'>nobis,</span> <span class='ocrx_word' id='word_1_73' title='bbox 1750 1123 1823 1172; x_wconf 86' lang='lat'>185</span> 
     </span>
     <span class='ocr_line' id='line_1_13' title="bbox 157 1196 1463 1262; baseline -0.003 -15"><span class='ocrx_word' id='word_1_74' title='bbox 157 1201 245 1247; x_wconf 88' lang='lat' dir='ltr'>has</span> <span class='ocrx_word' id='word_1_75' title='bbox 281 1216 340 1247; x_wconf 88' lang='lat' dir='ltr'>ex</span> <span class='ocrx_word' id='word_1_76' title='bbox 375 1215 512 1247; x_wconf 90' lang='lat' dir='ltr'>more</span> <span class='ocrx_word' id='word_1_77' title='bbox 548 1201 715 1262; x_wconf 87' lang='lat' dir='ltr'>dapes,</span> <span class='ocrx_word' id='word_1_78' title='bbox 753 1200 882 1246; x_wconf 89' lang='lat' dir='ltr'>hanc</span> <span class='ocrx_word' id='word_1_79' title='bbox 918 1198 1041 1246; x_wconf 87' lang='lat' dir='ltr'>tanti</span> <span class='ocrx_word' id='word_1_80' title='bbox 1077 1196 1293 1245; x_wconf 89' lang='lat' dir='ltr'>numinis</span> <span class='ocrx_word' id='word_1_81' title='bbox 1328 1213 1463 1244; x_wconf 91' lang='lat' dir='ltr'>aram</span> 
     </span>
     <span class='ocr_line' id='line_1_14' title="bbox 156 1278 1397 1342; baseline -0.002 -15"><span class='ocrx_word' id='word_1_82' title='bbox 156 1296 283 1327; x_wconf 91' lang='lat' dir='ltr'>vana</span> <span class='ocrx_word' id='word_1_83' title='bbox 318 1279 597 1342; x_wconf 88' lang='lat' dir='ltr'>superstitio</span> <span class='ocrx_word' id='word_1_84' title='bbox 633 1288 953 1342; x_wconf 87' lang='lat' dir='ltr'>veterumque</span> <span class='ocrx_word' id='word_1_85' title='bbox 987 1278 1154 1340; x_wconf 86' lang='lat' dir='ltr'>ignara</span> <span class='ocrx_word' id='word_1_86' title='bbox 1188 1278 1397 1326; x_wconf 91' lang='lat' dir='ltr'>deorum</span> 
     </span>
     <span class='ocr_line' id='line_1_15' title="bbox 157 1357 1352 1424; baseline -0.002 -16"><span class='ocrx_word' id='word_1_87' title='bbox 157 1361 419 1424; x_wconf 89' lang='lat' dir='ltr'>imposuit:</span> <span class='ocrx_word' id='word_1_88' title='bbox 469 1361 638 1420; x_wconf 89' lang='lat' dir='ltr'>saevis,</span> <span class='ocrx_word' id='word_1_89' title='bbox 676 1363 857 1424; x_wconf 91' lang='lat' dir='ltr'>hospes</span> <span class='ocrx_word' id='word_1_90' title='bbox 893 1359 1120 1419; x_wconf 90' lang='lat' dir='ltr'>Troiane,</span> <span class='ocrx_word' id='word_1_91' title='bbox 1159 1357 1352 1422; x_wconf 90' lang='lat' dir='ltr'>periclis</span> 
     </span>
     <span class='ocr_line' id='line_1_16' title="bbox 158 1440 1448 1504; baseline -0.004 -14"><span class='ocrx_word' id='word_1_92' title='bbox 158 1441 332 1490; x_wconf 90' lang='lat' dir='ltr'>servati</span> <span class='ocrx_word' id='word_1_93' title='bbox 367 1442 574 1490; x_wconf 91' lang='lat' dir='ltr'>facimus</span> <span class='ocrx_word' id='word_1_94' title='bbox 610 1441 910 1504; x_wconf 87' lang='lat' dir='ltr'>meritosque</span> <span class='ocrx_word' id='word_1_95' title='bbox 944 1456 1185 1488; x_wconf 90' lang='lat' dir='ltr'>novamus</span> <span class='ocrx_word' id='word_1_96' title='bbox 1221 1440 1448 1487; x_wconf 91' lang='lat' dir='ltr'>honores.</span> 
     </span>
     <span class='ocr_line' id='line_1_17' title="bbox 156 1520 1828 1587; baseline -0.004 -15"><span class='ocrx_word' id='word_1_97' title='bbox 156 1523 255 1572; x_wconf 86' lang='lat' dir='ltr'>iam</span> <span class='ocrx_word' id='word_1_98' title='bbox 291 1524 505 1587; x_wconf 92' lang='lat' dir='ltr'>primum</span> <span class='ocrx_word' id='word_1_99' title='bbox 542 1523 667 1572; x_wconf 86' lang='lat' dir='ltr'>saxis</span> <span class='ocrx_word' id='word_1_100' title='bbox 704 1539 994 1586; x_wconf 91' lang='lat' dir='ltr'>suspensam</span> <span class='ocrx_word' id='word_1_101' title='bbox 1030 1523 1160 1570; x_wconf 91' lang='lat' dir='ltr'>hanc</span> <span class='ocrx_word' id='word_1_102' title='bbox 1195 1520 1360 1583; x_wconf 91' lang='lat' dir='ltr'>aspice</span> <span class='ocrx_word' id='word_1_103' title='bbox 1396 1535 1585 1582; x_wconf 91' lang='lat' dir='ltr'>rupem,</span> <span class='ocrx_word' id='word_1_104' title='bbox 1749 1540 1828 1580; x_wconf 81' lang='lat'>190</span> 
     </span>
     <span class='ocr_line' id='line_1_18' title="bbox 157 1600 1428 1668; baseline -0.006 -13"><span class='ocrx_word' id='word_1_105' title='bbox 157 1606 391 1655; x_wconf 90' lang='lat' dir='ltr'>disiectae</span> <span class='ocrx_word' id='word_1_106' title='bbox 426 1607 599 1668; x_wconf 91' lang='lat' dir='ltr'>procul</span> <span class='ocrx_word' id='word_1_107' title='bbox 635 1614 688 1653; x_wconf 93' lang='lat' dir='ltr'>ut</span> <span class='ocrx_word' id='word_1_108' title='bbox 724 1606 881 1653; x_wconf 93' lang='lat' dir='ltr'>moles</span> <span class='ocrx_word' id='word_1_109' title='bbox 917 1605 1210 1665; x_wconf 91' lang='lat' dir='ltr'>desertaque</span> <span class='ocrx_word' id='word_1_110' title='bbox 1246 1600 1428 1649; x_wconf 88' lang='lat' dir='ltr'>montis</span> 
     </span>
     <span class='ocr_line' id='line_1_19' title="bbox 158 1681 1530 1749; baseline -0.007 -12"><span class='ocrx_word' id='word_1_111' title='bbox 158 1698 252 1737; x_wconf 89' lang='lat' dir='ltr'>stat</span> <span class='ocrx_word' id='word_1_112' title='bbox 287 1690 467 1737; x_wconf 92' lang='lat' dir='ltr'>domus</span> <span class='ocrx_word' id='word_1_113' title='bbox 504 1697 552 1735; x_wconf 91' lang='lat' dir='ltr'>et</span> <span class='ocrx_word' id='word_1_114' title='bbox 589 1685 780 1749; x_wconf 90' lang='lat' dir='ltr'>scopuli</span> <span class='ocrx_word' id='word_1_115' title='bbox 815 1685 1067 1748; x_wconf 89' lang='lat' dir='ltr'>ingentem</span> <span class='ocrx_word' id='word_1_116' title='bbox 1103 1693 1289 1731; x_wconf 88' lang='lat' dir='ltr'>traxere</span> <span class='ocrx_word' id='word_1_117' title='bbox 1324 1681 1530 1730; x_wconf 79' lang='lat' dir='ltr'>ruinam,</span> 
     </span>
     <span class='ocr_line' id='line_1_20' title="bbox 157 1767 1336 1832; baseline -0.005 -15"><span class='ocrx_word' id='word_1_118' title='bbox 157 1769 238 1817; x_wconf 94' lang='lat' dir='ltr'>hic</span> <span class='ocrx_word' id='word_1_119' title='bbox 274 1771 510 1832; x_wconf 90' lang='lat' dir='ltr'>spelunca</span> <span class='ocrx_word' id='word_1_120' title='bbox 544 1767 635 1816; x_wconf 91' lang='lat' dir='ltr'>fuit</span> <span class='ocrx_word' id='word_1_121' title='bbox 670 1776 809 1815; x_wconf 89' lang='lat' dir='ltr'>vasto</span> <span class='ocrx_word' id='word_1_122' title='bbox 845 1774 1094 1815; x_wconf 90' lang='lat' dir='ltr'>summota</span> <span class='ocrx_word' id='word_1_123' title='bbox 1128 1781 1336 1823; x_wconf 88' lang='lat' dir='ltr'>recessu,</span> 
     </span>
     <span class='ocr_line' id='line_1_21' title="bbox 158 1845 1414 1911; baseline -0.006 -12"><span class='ocrx_word' id='word_1_124' title='bbox 158 1849 496 1899; x_wconf 89' lang='lat' dir='ltr'>semihominis</span> <span class='ocrx_word' id='word_1_125' title='bbox 534 1849 655 1899; x_wconf 90' lang='lat' dir='ltr'>Caci</span> <span class='ocrx_word' id='word_1_126' title='bbox 691 1848 838 1897; x_wconf 92' lang='lat' dir='ltr'>facies</span> <span class='ocrx_word' id='word_1_127' title='bbox 876 1864 1025 1911; x_wconf 91' lang='lat' dir='ltr'>quam</span> <span class='ocrx_word' id='word_1_128' title='bbox 1061 1846 1166 1895; x_wconf 93' lang='lat' dir='ltr'>dira</span> <span class='ocrx_word' id='word_1_129' title='bbox 1200 1845 1414 1904; x_wconf 89' lang='lat' dir='ltr'>tenebat,</span> 
     </span>
     <span class='ocr_line' id='line_1_22' title="bbox 158 1925 1822 1990; baseline -0.006 -10"><span class='ocrx_word' id='word_1_130' title='bbox 158 1931 272 1980; x_wconf 89' lang='lat' dir='ltr'>solis</span> <span class='ocrx_word' id='word_1_131' title='bbox 309 1931 611 1979; x_wconf 85' lang='lat' dir='ltr'>inaccessam</span> <span class='ocrx_word' id='word_1_132' title='bbox 647 1928 830 1989; x_wconf 80' lang='lat' dir='ltr'>radiis3</span> <span class='ocrx_word' id='word_1_133' title='bbox 877 1943 1168 1990; x_wconf 91' lang='lat' dir='ltr'>semperque</span> <span class='ocrx_word' id='word_1_134' title='bbox 1204 1925 1387 1974; x_wconf 89' lang='lat' dir='ltr'>recenti</span> <span class='ocrx_word' id='word_1_135' title='bbox 1747 1942 1822 1985; x_wconf 90' lang='lat'>195</span> 
     </span>
     <span class='ocr_line' id='line_1_23' title="bbox 158 2005 1559 2075; baseline -0.006 -13"><span class='ocrx_word' id='word_1_136' title='bbox 158 2015 310 2062; x_wconf 93' lang='lat' dir='ltr'>caede</span> <span class='ocrx_word' id='word_1_137' title='bbox 346 2013 546 2075; x_wconf 91' lang='lat' dir='ltr'>tepebat</span> <span class='ocrx_word' id='word_1_138' title='bbox 581 2013 777 2069; x_wconf 87' lang='lat' dir='ltr'>humus,</span> <span class='ocrx_word' id='word_1_139' title='bbox 815 2008 1103 2070; x_wconf 89' lang='lat' dir='ltr'>foribusque</span> <span class='ocrx_word' id='word_1_140' title='bbox 1138 2009 1300 2056; x_wconf 85' lang='lat' dir='ltr'>adfixa</span> <span class='ocrx_word' id='word_1_141' title='bbox 1335 2005 1559 2068; x_wconf 91' lang='lat' dir='ltr'>superbis</span> 
     </span>
     <span class='ocr_line' id='line_1_24' title="bbox 158 2088 1297 2154; baseline -0.006 -12"><span class='ocrx_word' id='word_1_142' title='bbox 158 2111 243 2143; x_wconf 91' lang='lat' dir='ltr'>ora</span> <span class='ocrx_word' id='word_1_143' title='bbox 276 2093 434 2142; x_wconf 91' lang='lat' dir='ltr'>virum</span> <span class='ocrx_word' id='word_1_144' title='bbox 470 2092 593 2141; x_wconf 91' lang='lat' dir='ltr'>tristi</span> <span class='ocrx_word' id='word_1_145' title='bbox 627 2091 915 2154; x_wconf 89' lang='lat' dir='ltr'>pendebant</span> <span class='ocrx_word' id='word_1_146' title='bbox 950 2088 1134 2153; x_wconf 90' lang='lat' dir='ltr'>pallida</span> <span class='ocrx_word' id='word_1_147' title='bbox 1169 2088 1297 2136; x_wconf 92' lang='lat' dir='ltr'>tabo.</span> 
     </span>
     <span class='ocr_line' id='line_1_25' title="bbox 157 2168 1496 2234; baseline -0.006 -12"><span class='ocrx_word' id='word_1_148' title='bbox 157 2175 273 2224; x_wconf 89' lang='lat' dir='ltr'>huic</span> <span class='ocrx_word' id='word_1_149' title='bbox 310 2185 531 2224; x_wconf 90' lang='lat' dir='ltr'>monstro</span> <span class='ocrx_word' id='word_1_150' title='bbox 566 2176 819 2222; x_wconf 90' lang='lat' dir='ltr'>Volcanus</span> <span class='ocrx_word' id='word_1_151' title='bbox 857 2180 959 2220; x_wconf 91' lang='lat' dir='ltr'>erat</span> <span class='ocrx_word' id='word_1_152' title='bbox 994 2179 1160 2234; x_wconf 90' lang='lat' dir='ltr'>pater:</span> <span class='ocrx_word' id='word_1_153' title='bbox 1203 2168 1330 2216; x_wconf 90' lang='lat' dir='ltr'>illius</span> <span class='ocrx_word' id='word_1_154' title='bbox 1366 2176 1496 2216; x_wconf 90' lang='lat' dir='ltr'>atros</span> 
     </span>
     <span class='ocr_line' id='line_1_26' title="bbox 158 2251 1347 2320; baseline -0.007 -15"><span class='ocrx_word' id='word_1_155' title='bbox 158 2274 242 2306; x_wconf 93' lang='lat' dir='ltr'>ore</span> <span class='ocrx_word' id='word_1_156' title='bbox 277 2275 482 2307; x_wconf 91' lang='lat' dir='ltr'>vomens</span> <span class='ocrx_word' id='word_1_157' title='bbox 518 2257 642 2320; x_wconf 88' lang='lat' dir='ltr'>ignis</span> <span class='ocrx_word' id='word_1_158' title='bbox 679 2272 858 2318; x_wconf 88' lang='lat' dir='ltr'>magna</span> <span class='ocrx_word' id='word_1_159' title='bbox 894 2271 946 2303; x_wconf 88' lang='lat' dir='ltr'>se</span> <span class='ocrx_word' id='word_1_160' title='bbox 982 2254 1114 2301; x_wconf 91' lang='lat' dir='ltr'>mole</span> <span class='ocrx_word' id='word_1_161' title='bbox 1148 2251 1347 2299; x_wconf 90' lang='lat' dir='ltr'>ferebat.</span> 
     </span>
     <span class='ocr_line' id='line_1_27' title="bbox 157 2333 1824 2400; baseline -0.007 -13"><span class='ocrx_word' id='word_1_162' title='bbox 157 2338 318 2387; x_wconf 89' lang='lat' dir='ltr'>attulit</span> <span class='ocrx_word' id='word_1_163' title='bbox 354 2349 402 2387; x_wconf 90' lang='lat' dir='ltr'>et</span> <span class='ocrx_word' id='word_1_164' title='bbox 438 2338 582 2387; x_wconf 89' lang='lat' dir='ltr'>nobis</span> <span class='ocrx_word' id='word_1_165' title='bbox 618 2338 887 2400; x_wconf 91' lang='lat' dir='ltr'>aliquando</span> <span class='ocrx_word' id='word_1_166' title='bbox 924 2333 1210 2397; x_wconf 91' lang='lat' dir='ltr'>optantibus</span> <span class='ocrx_word' id='word_1_167' title='bbox 1246 2339 1379 2379; x_wconf 91' lang='lat' dir='ltr'>aetas</span> <span class='ocrx_word' id='word_1_168' title='bbox 1746 2351 1824 2377; x_wconf 90' lang='lat'>200</span> 
     </span>
     <span class='ocr_line' id='line_1_28' title="bbox 158 2412 1560 2482; baseline -0.008 -14"><span class='ocrx_word' id='word_1_169' title='bbox 158 2419 392 2468; x_wconf 80' lang='lat' dir='ltr'>auxilium</span> <span class='ocrx_word' id='word_1_170' title='bbox 427 2421 796 2482; x_wconf 89' lang='lat' dir='ltr'>adventumque</span> <span class='ocrx_word' id='word_1_171' title='bbox 833 2417 926 2466; x_wconf 89' lang='lat' dir='ltr'>dei.</span> <span class='ocrx_word' id='word_1_172' title='bbox 1002 2432 1117 2463; x_wconf 91' lang='lat' dir='ltr'>nam</span> <span class='ocrx_word' id='word_1_173' title='bbox 1154 2412 1395 2461; x_wconf 87' lang='lat' dir='ltr'>maximus</span> <span class='ocrx_word' id='word_1_174' title='bbox 1431 2413 1560 2459; x_wconf 91' lang='lat' dir='ltr'>ultor</span> 
     </span>
     <span class='ocr_line' id='line_1_29' title="bbox 158 2493 1449 2563; baseline -0.008 -14"><span class='ocrx_word' id='word_1_175' title='bbox 158 2500 414 2563; x_wconf 87' lang='lat' dir='ltr'>tergemini</span> <span class='ocrx_word' id='word_1_176' title='bbox 450 2517 572 2549; x_wconf 92' lang='lat' dir='ltr'>nece</span> <span class='ocrx_word' id='word_1_177' title='bbox 607 2502 868 2562; x_wconf 90' lang='lat' dir='ltr'>Geryonae</span> <span class='ocrx_word' id='word_1_178' title='bbox 905 2496 1173 2560; x_wconf 92' lang='lat' dir='ltr'>spoliisque</span> <span class='ocrx_word' id='word_1_179' title='bbox 1209 2493 1449 2555; x_wconf 90' lang='lat' dir='ltr'>superbus</span> 
     </span>
     <span class='ocr_line' id='line_1_30' title="bbox 159 2574 1397 2643; baseline -0.007 -14"><span class='ocrx_word' id='word_1_180' title='bbox 159 2580 359 2629; x_wconf 88' lang='lat' dir='ltr'>Alcides</span> <span class='ocrx_word' id='word_1_181' title='bbox 397 2582 565 2629; x_wconf 88' lang='lat' dir='ltr'>aderat</span> <span class='ocrx_word' id='word_1_182' title='bbox 601 2590 867 2643; x_wconf 90' lang='lat' dir='ltr'>taurosque</span> <span class='ocrx_word' id='word_1_183' title='bbox 901 2580 996 2626; x_wconf 90' lang='lat' dir='ltr'>hac</span> <span class='ocrx_word' id='word_1_184' title='bbox 1031 2576 1186 2624; x_wconf 90' lang='lat' dir='ltr'>victor</span> <span class='ocrx_word' id='word_1_185' title='bbox 1220 2574 1397 2637; x_wconf 91' lang='lat' dir='ltr'>agebat</span> 
     </span>
     <span class='ocr_line' id='line_1_31' title="bbox 159 2654 1509 2723; baseline -0.006 -16"><span class='ocrx_word' id='word_1_186' title='bbox 159 2660 383 2722; x_wconf 85' lang='lat' dir='ltr'>ingentis,</span> <span class='ocrx_word' id='word_1_187' title='bbox 421 2663 699 2723; x_wconf 89' lang='lat' dir='ltr'>vallemque</span> <span class='ocrx_word' id='word_1_188' title='bbox 734 2661 887 2708; x_wconf 92' lang='lat' dir='ltr'>boves</span> <span class='ocrx_word' id='word_1_189' title='bbox 924 2673 1224 2719; x_wconf 89' lang='lat' dir='ltr'>amnemque</span> <span class='ocrx_word' id='word_1_190' title='bbox 1261 2654 1509 2703; x_wconf 90' lang='lat' dir='ltr'>tenebant.</span> 
     </span>
    </p>
   </div>
   <div class='ocr_carea' id='block_1_3' title="bbox 157 2779 1824 2948">
    <p class='ocr_par' dir='ltr' id='par_1_4' title="bbox 157 2779 1824 2948">
     <span class='ocr_line' id='line_1_32' title="bbox 217 2779 1824 2838; baseline -0.006 -11"><span class='ocrx_word' id='word_1_191' title='bbox 217 2800 403 2838; x_wconf 85' lang='lat'><strong>175—204</strong></span> <span class='ocrx_word' id='word_1_192' title='bbox 433 2788 562 2827; x_wconf 85' lang='lat' dir='ltr'>MPR</span> <span class='ocrx_word' id='word_1_193' title='bbox 714 2801 785 2838; x_wconf 89' lang='lat'>191</span> <span class='ocrx_word' id='word_1_194' title='bbox 819 2789 1009 2826; x_wconf 89' lang='lat' dir='ltr'>deiectae</span> <span class='ocrx_word' id='word_1_195' title='bbox 1031 2787 1073 2824; x_wconf 88' lang='lat' dir='ltr'><em>R</em></span> <span class='ocrx_word' id='word_1_196' title='bbox 1188 2798 1265 2834; x_wconf 91' lang='lat'>194</span> <span class='ocrx_word' id='word_1_197' title='bbox 1294 2782 1465 2821; x_wconf 87' lang='lat' dir='ltr'>tenebat</span> <span class='ocrx_word' id='word_1_198' title='bbox 1487 2779 1621 2820; x_wconf 78' lang='lat' dir='ltr'><em>M2b²:</em></span> <span class='ocrx_word' id='word_1_199' title='bbox 1654 2781 1824 2829; x_wconf 87' lang='lat' dir='ltr'>tegebat</span> 
     </span>
     <span class='ocr_line' id='line_1_33' title="bbox 157 2834 1823 2893; baseline -0.004 -14"><span class='ocrx_word' id='word_1_200' title='bbox 157 2841 338 2893; x_wconf 72' lang='lat' dir='ltr'><em>-M1PR7</em></span> <span class='ocrx_word' id='word_1_201' title='bbox 495 2854 570 2892; x_wconf 92' lang='lat'>197</span> <span class='ocrx_word' id='word_1_202' title='bbox 602 2841 775 2892; x_wconf 90' lang='lat' dir='ltr'>pallida]</span> <span class='ocrx_word' id='word_1_203' title='bbox 797 2842 991 2891; x_wconf 90' lang='lat' dir='ltr'>squalida</span> <span class='ocrx_word' id='word_1_204' title='bbox 1012 2840 1185 2888; x_wconf 73' lang='lat' dir='ltr'>Bentley,</span> <span class='ocrx_word' id='word_1_205' title='bbox 1206 2837 1354 2888; x_wconf 84' lang='lat' dir='ltr'>probat</span> <span class='ocrx_word' id='word_1_206' title='bbox 1374 2834 1580 2884; x_wconf 69' lang='lat' dir='ltr'>Gathling</span> <span class='ocrx_word' id='word_1_207' title='bbox 1742 2847 1823 2873; x_wconf 89' lang='lat'>200</span> 
     </span>
     <span class='ocr_line' id='line_1_34' title="bbox 159 2888 1823 2948; baseline -0.005 -14"><span class='ocrx_word' id='word_1_208' title='bbox 159 2896 221 2947; x_wconf 91' lang='lat' dir='ltr'>et]</span> <span class='ocrx_word' id='word_1_209' title='bbox 245 2910 299 2935; x_wconf 90' lang='lat' dir='ltr'>en</span> <span class='ocrx_word' id='word_1_210' title='bbox 312 2898 506 2948; x_wconf 85' lang='lat' dir='ltr'>proponit</span> <span class='ocrx_word' id='word_1_211' title='bbox 523 2896 713 2934; x_wconf 80' lang='lat' dir='ltr'>Deuticke</span> <span class='ocrx_word' id='word_1_212' title='bbox 906 2908 983 2933; x_wconf 90' lang='lat'>202</span> <span class='ocrx_word' id='word_1_213' title='bbox 1014 2893 1228 2942; x_wconf 83' lang='lat' dir='ltr'>Geryonis</span> <span class='ocrx_word' id='word_1_214' title='bbox 1241 2890 1310 2929; x_wconf 75' lang='grc' dir='ltr'>Μ2</span> <span class='ocrx_word' id='word_1_215' title='bbox 1330 2890 1447 2930; x_wconf 80' lang='lat' dir='ltr'>Serv.</span> <span class='ocrx_word' id='word_1_216' title='bbox 1476 2888 1535 2927; x_wconf 86' lang='lat' dir='ltr'>ad</span> <span class='ocrx_word' id='word_1_217' title='bbox 1556 2888 1669 2926; x_wconf 82' lang='lat' dir='ltr'>hunc</span> <span class='ocrx_word' id='word_1_218' title='bbox 1688 2888 1823 2926; x_wconf 86' lang='lat' dir='ltr'>locum</span> 
     </span>
    </p>
   </div>
   <div class='ocr_carea' id='block_1_4' title="bbox 162 2945 1725 3062">
    <p class='ocr_par' dir='ltr' id='par_1_5' title="bbox 162 2945 1725 3062">
     <span class='ocr_line' id='line_1_35' title="bbox 162 2945 1283 3001; baseline -0.004 -14"><span class='ocrx_word' id='word_1_219' title='bbox 162 2949 253 3000; x_wconf 84' lang='lat' dir='ltr'>(sed</span> <span class='ocrx_word' id='word_1_220' title='bbox 267 2951 494 3001; x_wconf 81' lang='lat' dir='ltr'>Geryonae</span> <span class='ocrx_word' id='word_1_221' title='bbox 514 2950 574 2990; x_wconf 85' lang='lat' dir='ltr'>ad</span> <span class='ocrx_word' id='word_1_222' title='bbox 588 2950 657 2991; x_wconf 89' lang='lat' dir='ltr'>vii.</span> <span class='ocrx_word' id='word_1_223' title='bbox 679 2952 760 2990; x_wconf 87' lang='lat'>662</span> <span class='ocrx_word' id='word_1_224' title='bbox 781 2954 966 3000; x_wconf 83' lang='lat' dir='ltr'>testatur)</span> <span class='ocrx_word' id='word_1_225' title='bbox 987 2963 996 2988; x_wconf 90' lang='lat'>:</span> <span class='ocrx_word' id='word_1_226' title='bbox 1029 2945 1220 2997; x_wconf 84' lang='lat' dir='ltr'>Geryoni</span> <span class='ocrx_word' id='word_1_227' title='bbox 1241 2946 1283 2984; x_wconf 89' lang='lat' dir='ltr'><em>R</em></span> 
     </span>
     <span class='ocr_line' id='line_1_36' title="bbox 222 3014 1725 3062; baseline -0.003 -4"><span class='ocrx_word' id='word_1_228' title='bbox 222 3031 355 3062; x_wconf 65' lang='lat' dir='ltr'>vaae.</span> <span class='ocrx_word' id='word_1_229' title='bbox 748 3020 751 3023; x_wconf 74' lang='grc'>’</span> <span class='ocrx_word' id='word_1_230' title='bbox 1669 3014 1725 3054; x_wconf 83' lang='grc'>20</span> 
     </span>
    </p>
   </div>
  </div>
 </body>
</html>
