2014 3372
1320 164 1680 213 AENEIDOS
1717 164 1822 215 VII

154 304 381 353 Albanae
417 306 612 353 coluere
648 320 854 364 sacrum,
894 321 1027 353 nunc
1064 304 1277 353 maxima
1312 321 1474 353 rerum

155 387 320 434 Roma
357 385 485 445 colit,
527 402 640 434 cum
676 385 833 448 prima
869 395 1072 434 movent
1108 385 1160 433 in
1180 384 1382 448 *proelia
1420 387 1649 443 Martem,

154 466 255 519 sive
292 467 430 516 Getis
466 467 643 516 inferre
679 485 829 516 manu
866 468 1167 517 lacrimabile
1205 469 1391 517 bellum

155 547 464 609 Hyrcanisve
500 547 740 597 Arabisve
776 559 962 612 parant,
1002 566 1089 598 seu
1126 551 1329 599 tendere
1365 551 1431 598 ad
1468 551 1624 598 Indos
1739 557 1818 608 605

151 631 496 691 Auroramque
532 630 672 693 sequi
709 632 1016 694 Parthosque
1052 648 1310 694 reposcere
1346 631 1516 694 signa:

153 720 267 757 sunt
300 710 526 773 geminae
564 711 689 760 Belli
725 721 895 775 portae
934 711 1024 776 (sic
1061 712 1264 761 nomine
1301 711 1494 776 dicunt)

151 789 386 853 religione
423 808 588 840 sacrae
625 801 673 840 et
710 792 842 840 saevi
878 792 1142 842 formidine
1181 792 1388 853 Martis;

151 880 352 919 centum
387 871 516 920 aerei
552 874 789 922 claudunt
825 882 989 922 vectes
1026 883 1324 936 aeternaque
1360 873 1471 922 ferri

150 953 341 1012 robora,
380 970 473 1002 nec
508 963 674 1003 custos
710 954 902 1004 absistit
938 955 1108 1005 limine
1146 958 1325 1004 Ianus:
1739 962 1819 1002 610

150 1035 251 1094 has,
292 1034 377 1083 ubi
414 1045 546 1084 certa
582 1038 721 1085 sedet
757 1037 976 1100 patribus
1014 1037 1257 1087 sententia
1291 1054 1499 1103 pugnae,

149 1115 254 1178 ipse
292 1115 534 1177 Quirinali
571 1117 739 1166 trabea
775 1118 1041 1181 cinctuque
1080 1118 1278 1168 Gabino

148 1196 351 1260 insignis
389 1207 569 1246 reserat
605 1198 859 1248 stridentia
896 1200 1066 1249 limina
1101 1202 1288 1259 consul,

148 1278 254 1340 ipse
291 1287 434 1327 vocat
472 1296 661 1342 pugnas
679 1298 693 1340 3
742 1280 961 1343 sequitur
996 1290 1102 1329 tum
1140 1290 1301 1329 cetera
1335 1280 1508 1342 pubes,

146 1376 388 1422 aereaque
425 1361 640 1408 adsensu
677 1362 962 1424 conspirant
997 1378 1182 1410 cornua
1216 1377 1378 1410 rauco.
1735 1366 1814 1418 615

147 1439 244 1488 hoc
280 1450 329 1489 et
365 1450 470 1489 tum
506 1441 757 1490 Aeneadis
793 1441 1010 1491 indicere
1047 1443 1176 1490 bella
1212 1441 1416 1489 Latinus

146 1538 283 1570 more
319 1522 580 1571 iubebatur
617 1523 865 1586 tristisque
901 1525 1153 1572 recludere
1188 1532 1366 1585 portas'.

144 1602 381 1651 abstinuit
418 1612 551 1652 tactu
590 1613 726 1666 pater
761 1621 1058 1667 aversusque
1094 1604 1268 1666 refugit

144 1684 292 1732 foeda
328 1684 608 1744 ministeria,
653 1694 701 1733 et
737 1685 896 1734 caecis
933 1702 985 1733 se
1021 1685 1247 1734 condidit
1282 1684 1481 1733 umbris.

144 1773 250 1812 tum
287 1765 452 1829 regina
489 1768 640 1815 deum
678 1769 816 1815 caelo
853 1769 1055 1830 delapsa
1090 1766 1326 1815 morantis
1732 1773 1812 1813 620

143 1844 337 1907 impulit
374 1846 479 1910 ipsa
516 1864 667 1896 manu
703 1857 882 1911 portas,
922 1857 970 1896 et
1007 1847 1205 1897 cardine
1240 1863 1380 1895 verso

143 1924 259 1973 belli
295 1928 496 1976 ferratos
533 1928 715 1991 rumpit
752 1928 978 1977 Saturnia
1013 1928 1179 1991 postis.

141 2008 280 2055 ardet
316 2008 526 2057 inexcita
562 2010 785 2059 Ausonia
821 2019 970 2072 atque
1006 2010 1275 2059 immobilis
1311 2018 1459 2069 ante;

142 2103 252 2148 pars
288 2090 440 2150 pedes
477 2089 545 2138 ire
582 2100 720 2152 parat
758 2090 959 2153 campis,
998 2107 1109 2153 pars
1144 2092 1327 2138 arduus
1362 2088 1471 2138 altis

141 2170 508 2229 pulverulentus
546 2172 685 2234 equis
724 2171 873 2232 furit3
921 2188 1094 2220 omnes
1130 2188 1265 2219 arma
1300 2169 1564 2232 requirunt.
1728 2175 1806 2227 625

140 2264 251 2310 pars
287 2249 406 2298 levis
444 2251 627 2314 clipeos
665 2262 713 2301 et
752 2253 940 2316 spicula
976 2252 1140 2300 lucida
1175 2260 1364 2314 tergent

139 2329 306 2378 arvina
340 2331 510 2395 pingui
548 2333 881 2397 subiguntque
918 2334 969 2382 in
1006 2342 1116 2382 cote
1153 2332 1334 2381 securis
1351 2350 1365 2391 3

139 2410 375 2474 signaque
411 2415 533 2462 ferre
568 2414 702 2463 iuvat
737 2415 1026 2478 sonitusque
1061 2414 1232 2463 audire
1267 2415 1508 2464 tubarum.

139 2492 359 2556 quinque
394 2495 521 2542 adeo
558 2512 765 2558 magnae
801 2496 973 2559 positis
1009 2495 1274 2544 incudibus
1310 2497 1455 2545 urbes

139 2576 235 2621 tela
271 2584 469 2634 novant,
508 2575 659 2625 Atina
694 2587 871 2639 potens
909 2577 1165 2639 Tiburque
1201 2577 1483 2640 superbum,
1724 2591 1806 2641 630

138 2655 304 2702 Ardea
340 2656 744 2720 Crustumerique
782 2667 829 2706 et
867 2658 1128 2722 turrigerae
1163 2661 1457 2707 Antemnae.

138 2734 354 2797 tegmina
389 2744 493 2783 tuta
529 2747 704 2786 cavant
740 2738 959 2801 capitum
995 2741 1299 2800 flectuntque
1336 2739 1545 2801 salignas

190 2866 378 2904 602-611
411 2865 604 2914 FMRV3
653 2868 846 2916 612-632
883 2868 1011 2905 FMR
1302 2869 1382 2917 605
1414 2868 1731 2920 Hyrcaniisque
1768 2873 1804 2910 F

135 2921 214 2958 611
237 2920 345 2959 haec
366 2919 432 2956 Μ2
563 2922 644 2959 622
665 2922 780 2971 rupit
791 2921 941 2960 FRffln
960 2921 1129 2961 Ribbeck
1256 2923 1447 2972 624—637
1468 2923 1651 2962 ordinem
1667 2926 1804 2964 turbat

135 2971 306 3011 Ribbeck
324 2987 387 3012 vv.
405 2976 597 3024 628»637
613 2980 708 3025 post
725 2977 806 3025 623
820 2976 966 3026 positis
1128 2976 1209 3014 628
1231 2976 1347 3014 iubet
1363 2976 1413 3014 M
1430 2990 1439 3015 :
1468 2978 1583 3017 lubet
1603 2979 1813 3019 Heinsius

1615 3061 1690 3102 19*
