2014 3372
1355 147 1716 196 AENEIDOS
1755 146 1841 196 ΙΙΙ

169 288 305 336 haud
342 303 483 337 secus
519 304 578 336 ac
613 286 733 336 iussi
768 287 955 337 faciunt
991 296 1250 352 tectosque
1284 305 1372 352 per
1406 289 1614 338 herbam

167 368 441 432 disponunt
477 369 607 418 ensis
643 378 693 418 et
728 378 868 419 scuta
902 369 1106 419 latentia
1141 371 1378 418 condunt.

165 467 282 514 ergo
318 450 406 499 ubi
442 452 673 514 delapsae
709 450 927 500 sonitum
963 468 1051 514 per
1087 467 1234 499 curva
1268 452 1453 501 dedere

165 530 321 591 litora,
361 533 446 580 dat
482 531 677 596 signum
714 534 916 595 specula
953 532 1179 581 Misenus
1215 532 1280 581 ab
1315 534 1416 581 alta

164 628 275 660 aere
312 629 446 662 cavo.
520 612 762 662 invadunt
799 613 920 663 socii
957 623 1006 662 et
1041 630 1170 662 nova
1205 613 1392 677 proelia
1424 622 1684 678 temptant,
1759 635 1839 676 240

164 694 406 743 obscenas
443 695 604 759 pelagi
640 698 767 745 ferro
804 697 1005 745 foedare
1040 695 1269 745 volucris.

164 777 253 824 sed
289 792 453 839 neque
488 776 589 824 vim
625 777 807 840 plumis
845 779 997 825 ullam
1033 793 1128 825 nec
1162 778 1366 825 vulnera
1400 786 1538 842 tergo

162 856 426 920 accipiunt,
466 858 713 921 celerique
750 861 864 922 fuga
900 859 994 908 sub
1029 858 1191 908 sidera
1225 860 1393 921 lapsae

162 954 406 987 semesam
442 941 678 1002 praedam
716 950 766 989 et
800 939 1005 1003 vestigia
1040 942 1190 989 foeda
1224 939 1521 1003 relinquunt.

162 1036 262 1067 una
297 1019 346 1067 in
383 1023 633 1083 praecelsa
670 1021 898 1071 consedit
934 1038 1055 1085 rupe
1091 1023 1327 1081 Celaeno,
1754 1042 1832 1084 245

161 1100 328 1149 infelix
363 1112 512 1163 vates,
552 1103 836 1167 rumpitque
871 1105 1002 1152 hanc
1037 1113 1239 1167 pectore
1273 1120 1481 1152 vocem:

164 1184 377 1232 ‘bellum
415 1184 564 1233 etiam
599 1202 690 1249 pro
726 1187 880 1234 caede
915 1186 1070 1234 boum
1106 1185 1367 1248 stratisque
1402 1183 1639 1244 iuvencis,

162 1265 636 1326 Laomedontiadae,
679 1267 932 1315 bellumne
968 1266 1145 1314 inferre
1182 1265 1363 1329 paratis

160 1354 209 1394 et
244 1346 404 1408 patrio
445 1347 692 1410 Harpyias
730 1347 938 1396 insontis
974 1349 1156 1410 pellere
1192 1349 1381 1410 regno?

159 1426 368 1489 accipite
407 1444 522 1490 ergo
559 1427 736 1476 animis
772 1437 922 1491 atque
957 1429 1082 1476 haec
1117 1445 1230 1477 mea
1264 1427 1399 1490 figite
1437 1427 1583 1489 dicta,
1755 1450 1834 1490 250

159 1523 290 1575 quae
326 1509 534 1557 Phoebo
571 1518 710 1572 pater
745 1509 1079 1573 omnipotens,
1118 1508 1241 1557 mihi
1278 1509 1515 1558 Phoebus
1552 1510 1738 1575 Apollo

159 1588 412 1651 praedixit,
455 1590 596 1639 vobis
635 1590 891 1639 Furiarum
927 1607 1019 1654 ego
1056 1589 1270 1638 maxima
1305 1591 1487 1653 pando.

161 1671 356 1719 Italiam
394 1688 539 1720 cursu
576 1671 742 1735 petitis
777 1671 1037 1735 ventisque
1073 1670 1289 1720 vocatis:

158 1751 291 1800 ibitis
332 1752 526 1801 Italiam
565 1762 836 1816 portusque
872 1752 1051 1802 intrare
1087 1751 1268 1801 licebit.

158 1835 247 1882 sed
283 1851 385 1883 non
422 1843 538 1884 ante
574 1836 742 1884 datam
779 1834 985 1898 cingetis
1021 1833 1284 1884 moenibus
1320 1833 1495 1882 urbem
1753 1854 1829 1896 255

158 1933 308 1979 quam
345 1934 433 1967 vos
471 1917 576 1966 dira
604 1919 767 1966 ,fames
803 1926 1100 1980 nostraeque
1135 1915 1312 1965 iniuria
1348 1915 1514 1965 caedis

156 1998 384 2047 ambesas
422 1999 616 2062 subigat
653 1998 794 2047 malis
830 1999 1091 2047 absumere
1128 1999 1354 2046 mensas.'

158 2078 293 2138 dixit,
333 2089 381 2128 et
417 2079 468 2127 in
507 2079 679 2128 silvam
717 2079 894 2142 pennis
929 2079 1094 2127 ablata
1128 2077 1316 2140 refugit.

156 2168 206 2208 at
242 2160 388 2209 sociis
426 2161 588 2209 subita
624 2160 817 2224 gelidus
853 2159 1117 2209 formidine
1154 2158 1350 2222 sanguis

157 2241 396 2305 deriguit:
447 2242 670 2291 cecidere
708 2241 875 2301 animi,
916 2258 1009 2290 nec
1045 2240 1143 2288 iarn
1178 2239 1391 2303 amplius
1426 2239 1589 2300 armis,
1749 2248 1829 2288 260

157 2324 245 2371 sed
281 2323 407 2372 votis
443 2323 772 2387 precibusque
809 2323 983 2372 iubent
1018 2338 1283 2385 exposcere
1318 2337 1507 2384 pacem,

158 2403 259 2452 sive
295 2405 418 2453 deae
455 2421 542 2453 seu
579 2404 676 2453 sint
713 2404 848 2453 dirae
885 2404 1232 2465 obscenaeque
1268 2403 1503 2450 volucres.

158 2492 207 2532 et
242 2493 379 2547 pater
415 2484 660 2534 Anchises
696 2484 851 2548 passis
889 2486 953 2533 de
988 2483 1129 2532 litore
1165 2482 1341 2546 palmis

157 2564 364 2613 numina
399 2583 577 2629 magna
612 2575 757 2615 vocat
794 2565 1096 2628 meritosque
1131 2563 1307 2612 indicit
1342 2564 1584 2611 honores:

161 2648 172 2670 ‘
189 2645 252 2704 di,
292 2646 551 2708 prohibete
589 2647 776 2707 minas;
819 2646 883 2706 di,
925 2648 1075 2695 talem
1103 2645 1314 2694 'avertite
1349 2661 1519 2693 casum
1750 2651 1825 2704 265

158 2734 207 2774 et
240 2726 425 2789 placidi
461 2737 648 2777 servate
683 2728 823 2792 pios.'
896 2737 1003 2777 tum
1039 2727 1180 2777 litore
1216 2729 1387 2776 funem

213 2858 404 2907 236-266
423 2857 516 2895 MP
722 2870 802 2907 252
834 2859 976 2908 pendo
998 2857 1055 2895 Ρ1
1076 2871 1085 2895 :
1116 2857 1272 2895 mando
1293 2855 1356 2894 Ρ2
1486 2865 1579 2904 253,
1595 2865 1675 2903 254
1705 2854 1827 2892 inter-

150 2912 306 2961 punxit
317 2911 512 2951 Kvibala:
538 2913 661 2963 vulgo
675 2913 901 2962 ventisque
917 2911 1076 2951 vocatis
1096 2911 1208 2950 ibitis
1227 2911 1389 2950 Italiam
1411 2910 1666 2959 coniungunt
1748 2909 1828 2945 262

158 2964 200 3003 in
221 2966 487 3015 suspicionem
507 2971 621 3006 vocat
638 2965 809 3004 Ribbeck
947 2968 1026 3015 263
1056 2970 1100 3004 at
1119 2964 1172 3003 M
1176 2964 1236 3004 ²a²
1366 2965 1447 3003 266
1475 2963 1641 3014 placide
1661 2961 1745 3013 P71
