2014 3372
1335 160 1698 210 AENEIDOS
1735 160 1813 208 VI

143 301 348 351 canities
383 300 569 351 inculta
604 300 743 360 iacet,
782 308 914 349 stant
947 299 1136 349 lumina
1172 301 1385 360 flamma,
1730 321 1812 362 300

143 384 374 433 sordidus
409 401 468 433 ex
502 382 683 433 umeris
719 385 856 432 nodo
892 383 1143 445 dependet
1178 381 1400 431 amictus.

143 464 248 528 ipse
284 474 438 513 ratem
475 473 626 514 conto
661 463 843 527 subigit
878 463 1098 526 velisque
1134 462 1375 511 ministrat

142 556 190 596 et
226 547 498 610 ferruginea
534 547 791 595 subvectat
826 563 1032 609 corpora
1068 546 1264 605 cumba,

140 628 239 676 iam
277 628 452 687 senior,
492 629 581 676 sed
618 629 771 676 cruda
806 628 902 676 deo
938 626 1205 690 viridisque
1241 635 1483 676 senectus.

140 710 238 757 huc
274 708 436 757 omnis
473 709 617 756 turba
650 710 716 756 ad
752 707 881 770 ripas
917 709 1071 756 effusa
1105 708 1291 767 ruebat,
1728 727 1807 767 305

138 798 318 839 matres
353 798 504 852 atque
537 788 627 837 viri
663 789 998 852 defunctaque
1034 805 1240 852 corpora
1274 788 1375 837 vita

138 866 511 930 magnanimum
546 868 767 929 heroum,
806 869 946 932 pueri
981 868 1320 934 innuptaeque
1355 871 1560 933 puellae,

136 947 456 1012 impositique
492 949 620 1012 rogis
656 949 858 998 iuvenes
893 958 1010 998 ante
1045 966 1131 998 ora
1166 958 1456 1012 parentum:

136 1045 287 1092 quam
324 1032 479 1078 multa
513 1029 565 1078 in
602 1029 733 1079 silvis
768 1030 995 1079 autumni
1030 1030 1206 1094 frigore
1241 1029 1402 1092 primo

136 1110 273 1172 lapsa
309 1112 495 1159 cadunt
531 1110 660 1170 folia,
696 1120 781 1159 aut
816 1113 881 1160 ad
918 1121 1094 1160 terram
1130 1113 1319 1175 gurgite
1353 1112 1418 1159 ab
1454 1113 1556 1159 alto
1649 1124 1651 1126 ·
1727 1131 1807 1171 310

134 1207 287 1254 quam
323 1193 507 1240 multae
542 1194 875 1254 glomerantur
909 1209 1038 1251 aves,
1070 1192 1157 1240 ubi
1192 1191 1394 1255 frigidus
1430 1209 1590 1240 annus

134 1281 267 1321 trans
304 1282 513 1336 pontum
549 1275 684 1336 fugat
720 1282 768 1321 et
803 1272 940 1321 terris
976 1272 1196 1320 immittit
1230 1272 1419 1335 apricis.

135 1354 332 1402 stabant
367 1362 561 1402 orantes
597 1352 741 1417 primi
778 1353 1105 1402 transmittere
1141 1370 1352 1412 cursum,

134 1435 506 1497 tendebantque
542 1452 718 1483 manus
754 1434 888 1497 ripae
923 1434 1164 1484 ulterioris
1200 1451 1381 1483 amore.

133 1515 298 1563 navita
333 1517 422 1564 sed
457 1515 603 1564 tristis
640 1532 775 1564 nunc
810 1517 901 1564 hos
939 1532 1072 1564 nunc
1107 1515 1287 1578 accipit
1323 1515 1447 1574 illos,
1721 1536 1800 1576 315

130 1605 207 1644 ast
242 1596 364 1645 alios
400 1598 547 1659 longe
584 1606 858 1645 summotos
895 1606 1027 1645 arcet
1062 1598 1257 1645 harena.

132 1679 328 1725 Aeneas
366 1677 567 1725 miratus
604 1677 738 1725 enim
774 1686 1039 1740 motusque
1075 1679 1289 1726 tumultu

133 1757 270 1806 ‘dic'
305 1757 385 1817 ait,
429 1762 486 1807 ‘o
521 1758 671 1821 virgo,
707 1758 828 1821 quid
861 1760 967 1810 vult
1003 1775 1271 1808 concursus
1307 1759 1372 1807 ad
1407 1760 1644 1807 amnem?

131 1838 314 1901 quidve
349 1848 524 1902 petunt
559 1840 791 1888 animae?
837 1842 914 1888 vel
951 1856 1052 1902 quo
1089 1838 1371 1889 discrimine
1407 1839 1535 1901 ripas

130 1921 224 1968 hae
260 1919 503 1983 linquunt,
542 1921 654 1969 illae
690 1920 835 1969 remis
871 1922 998 1969 vada
1033 1920 1183 1969 livida
1217 1922 1480 1969 verrunt?'
1720 1940 1800 1979 320

129 2000 214 2048 olli
251 2000 320 2049 sic
356 2001 566 2049 breviter
601 2003 699 2049 fata
735 2010 808 2049 est
842 2003 1082 2063 longaeva
1118 2002 1376 2049 sacerdos:

132 2084 143 2106 ‘
162 2081 383 2130 Anchisa
418 2089 660 2144 generate,
701 2083 852 2129 deum
887 2080 1158 2130 certissima
1192 2082 1367 2143 proles,

128 2162 306 2224 Cocyti
342 2171 512 2226 stagna
546 2164 645 2210 alta
679 2161 817 2212 vides
854 2161 1171 2225 Stygiamque
1207 2162 1455 2224 paludem,

128 2243 180 2291 di
216 2243 354 2292 cuius
391 2244 547 2293 iurare
582 2243 758 2292 timent
794 2252 843 2292 et
878 2245 1043 2292 fallere
1079 2260 1279 2292 numen.

125 2325 250 2372 haec
276 2324 451 2384 omnis,
474 2341 623 2388 quam
650 2324 822 2383 cernis,
844 2324 988 2386 inops
1014 2323 1370 2386 inhumataque
1394 2322 1537 2371 turba
1562 2331 1635 2371 est
1653 2341 1668 2383 3
1711 2342 1789 2383 325

126 2405 331 2468 portitor
366 2405 447 2454 ille
484 2407 684 2455 Charon
703 2424 715 2465 ;
762 2405 827 2464 hi,
862 2422 988 2468 quos
1024 2404 1158 2453 vehit
1193 2405 1342 2463 unda,
1382 2403 1574 2466 sepulti.

126 2502 219 2534 nec
255 2485 383 2548 ripas
419 2487 563 2534 datur
598 2487 867 2535 horrendas
904 2495 952 2534 et
988 2502 1134 2534 rauca
1170 2487 1356 2534 fluenta

125 2575 452 2629 transportare
487 2566 621 2630 prius
654 2584 804 2630 quam
841 2567 1042 2616 sedibus
1078 2583 1190 2615 ossa
1226 2565 1467 2628 quierunt.

126 2655 327 2694 centum
363 2656 523 2695 errant
558 2664 715 2696 annos
751 2647 1058 2710 volitantque
1094 2649 1217 2695 haec
1253 2646 1395 2694 litora
1431 2645 1615 2694 circum
1633 2663 1648 2706 3

124 2736 231 2775 tum
268 2728 470 2776 demum
507 2728 710 2777 admissi
745 2738 915 2792 stagna
951 2737 1180 2790 exoptata
1215 2727 1461 2775 revisunt.'
1707 2747 1790 2786 330

179 2867 369 2905 300—330
399 2854 529 2893 MPR
693 2869 774 2905 300
803 2857 970 2895 flamma
991 2855 1180 2894 M2P¹b²c
1197 2854 1314 2894 Serv.
1335 2854 1394 2893 ad
1410 2855 1435 2895 i.
1457 2855 1564 2898 646:
1596 2855 1787 2915 flammae

123 2906 366 2960 M1P²R7b1
613 2922 694 2958 320
723 2916 894 2949 vertunt
915 2910 958 2947 P
1216 2921 1309 2959 325,
1333 2910 1413 2958 326
1441 2913 1673 2958 transponnt
1690 2908 1786 2946 Rib-

121 2961 216 3068 ZZZ
232 3017 338 3057 serv
410 2977 492 3015 329
521 2963 646 3016 haec]
667 2964 710 3002 hi
731 2963 787 3002 Pl
898 2976 1063 3003 versum
1083 2976 1165 3003 om.
1187 2961 1308 3013 m¹w1‚
1325 2962 1474 3014 probat
1490 2962 1664 3001 Kvic'ala
1682 2975 1692 3011 ;
1720 2960 1793 3001 sed
