2014 3372
252 137 305 182 P,
345 133 645 181 VERGILI
685 132 1011 181 MARONIS

251 291 367 322 nam
405 273 526 322 mihi
565 274 874 324 Cassandrae
911 289 998 335 per
1034 289 1267 321 somnum
1304 271 1427 321 vatis
1463 271 1628 336 imago

250 356 467 405 ardentis
505 357 622 404 dare
659 354 763 402 visa
798 355 960 402 faces:
1002 358 1030 380 “
1050 352 1130 402 hic
1168 352 1388 416 quaerite
1421 353 1657 414 Troiam3

250 437 331 486 hic
369 435 549 487 domus
587 445 661 485 est
678 438 716 458 ⁷'·
738 435 899 499 inquit
940 434 1173 484 “vobis''
1245 434 1343 483 iam
1381 443 1576 498 tempus
1612 435 1690 498 agi
1725 451 1815 496 res,

250 535 344 566 nec
381 517 528 566 tantis
567 533 705 565 mora
740 515 988 580 prodigiis.
1065 533 1127 564 en
1165 524 1397 579 quattuor
1431 533 1543 565 arae

252 602 490 663 Neptuno
508 618 521 660 3
564 601 687 648 deus
724 598 829 662 ipse
865 601 997 647 faces
1034 598 1358 661 animumque
1395 598 1667 647 ministrat.’
1845 607 1927 660 640

250 683 374 729 haec
411 698 692 730 memorans
729 680 887 743 prima
922 680 1171 728 infensum
1207 679 1255 728 vi
1291 677 1490 743 corripit
1525 679 1689 744 ignem

251 764 543 826 sublataque
580 764 752 825 procul
789 764 959 811 dextra
995 761 1171 810 conixa
1206 770 1431 810 coruscat

250 854 298 893 et
335 843 461 892 iacit.
535 852 751 893 arrectae
787 852 980 892 mentes
1017 845 1389 906 stupefactaque
1425 844 1577 891 corda

252 926 480 974 Iliadum.
554 925 635 974 hic
672 943 770 974 una
807 943 834 974 e
872 924 1051 985 multis,
1090 942 1219 988 quae
1256 924 1468 973 maxima
1503 933 1635 984 natu,

250 1010 422 1070 Pyrgo,
464 1016 536 1056 tot
575 1006 756 1055 Priami
793 1015 1022 1055 natorum
1059 1006 1191 1069 regia
1226 1004 1416 1054 nutrix:
1844 1013 1924 1068 645

254 1094 384 1137 ‘non
425 1091 584 1137 Beroe
619 1088 774 1147 vobis,
815 1106 918 1138 non
956 1090 1087 1137 haec.
1118 1087 1375 1146 Rhoeteia,
1416 1097 1611 1147 matres,

250 1180 323 1218 est
363 1169 563 1232 Dorycli
600 1169 818 1218 coniunx
835 1188 847 1230 3
890 1168 1045 1218 divini
1082 1168 1220 1231 signa
1257 1167 1451 1217 decoris

247 1250 567 1314 ardentisque
604 1260 773 1300 notate
811 1252 982 1299 oculos
1001 1269 1014 1311 3
1057 1249 1142 1313 qui
1179 1248 1375 1313 spiritus
1411 1248 1493 1308 illi,

249 1332 358 1395 quis
395 1334 557 1380 vultus
594 1331 830 1394 vocisque
866 1347 1018 1380 sonus
1055 1332 1133 1379 vel
1168 1347 1360 1394 gressus
1397 1329 1546 1379 eunti.

248 1413 354 1476 ipsa
391 1422 588 1476 egomet
626 1414 819 1461 dudum
858 1416 1052 1461 Beroen
1090 1412 1308 1475 digressa
1343 1411 1517 1474 reliqui
1844 1420 1927 1472 650

248 1511 457 1557 aegram,
498 1494 841 1557 indignantem
878 1493 962 1542 tali
999 1495 1136 1557 quod
1172 1496 1277 1542 sola
1312 1503 1497 1542 careret

249 1594 453 1626 munere
490 1593 584 1626 nec
621 1576 821 1625 meritos
854 1575 1106 1624 Anchisae
1141 1575 1339 1625 inferret
1373 1577 1620 1625 honores!

249 1660 371 1709 haec
408 1662 564 1709 effata.

247 1749 296 1788 at
333 1751 512 1790 matres
549 1742 709 1805 primo
745 1741 985 1805 ancipites
1022 1741 1279 1805 oculisque
1315 1739 1540 1804 malignis

247 1823 508 1887 ambiguae
545 1833 767 1887 spectare
803 1833 929 1873 rates
968 1823 1200 1872 miserum
1237 1822 1364 1871 inter
1398 1839 1618 1872 amorem
1841 1830 1920 1884 655

247 1905 517 1966 praesentis
555 1915 710 1954 terrae
746 1905 958 1968 fatisque
994 1904 1223 1953 vocantia
1258 1920 1435 1967 regna:
1925 1893 1928 1896 ’

247 2003 362 2035 cum
399 1989 493 2036 dea
530 2004 582 2036 se
618 1988 818 2051 paribus
854 2005 941 2051 per
978 1989 1170 2035 caelum
1207 1985 1402 2034 sustulit
1437 1985 1525 2034 alis

246 2068 600 2132 ingentemque
637 2071 752 2133 fuga
789 2068 945 2117 secuit
982 2069 1075 2117 sub
1112 2067 1330 2116 nubibus
1366 2083 1547 2115 arcum.

247 2158 352 2197 tum
388 2166 504 2198 vero
540 2150 778 2198 attonitae
815 2149 1046 2198 monstris
1082 2157 1322 2211 actaeque
1357 2150 1519 2197 furore

247 2232 574 2290 conclamant,
614 2230 910 2294 rapiuntque
947 2228 1070 2278 focis
1108 2228 1442 2292 penetralibus
1479 2229 1644 2292 ignem
1840 2236 1921 2278 660

248 2310 377 2374 (pars
414 2311 628 2374 spoliant
663 2310 805 2375 aras),
847 2313 1077 2360 frondem
1115 2328 1173 2359 ac
1208 2310 1416 2373 virgulta
1451 2312 1683 2374 facesque

245 2392 511 2442 coniciunt.
585 2392 699 2441 furit
736 2392 968 2441 immissis
1007 2394 1262 2441 Volcanus
1299 2391 1507 2441 habenis

245 2484 452 2524 transtra
487 2492 574 2538 per
609 2483 657 2523 et
693 2492 855 2524 remos
894 2485 942 2525 et
979 2475 1135 2539 pictas
1171 2475 1334 2524 abiete
1369 2474 1562 2537 puppis.

314 2555 531 2605 Nuntius
569 2556 821 2606 Anchisae
861 2559 925 2606 ad
965 2559 1212 2606 tumulum
1250 2572 1536 2618 cuneosque
1572 2554 1749 2604 theatri

244 2638 469 2687 incensas
506 2639 685 2701 perfert
723 2639 860 2687 navis
900 2641 1152 2698 Eumelus,
1182 2648 1230 2687 et
1254 2637 1348 2700 ipsi
1836 2642 1914 2695 665

243 2718 510 2782 respiciunt
546 2729 701 2768 atram
739 2721 790 2769 in
827 2719 1001 2769 nimbo
1037 2720 1239 2768 volitare
1276 2718 1502 2767 favillam.

296 2850 489 2898 636-666
509 2849 640 2888 MPR
804 2851 886 2898 640
917 2847 1100 2888 animam
1117 2848 1199 2886 Rb1
1215 2847 1386 2886 Ribbeck
1577 2848 1659 2896 649
1687 2846 1760 2896 qui
1774 2845 1917 2898 M7²crr

243 2903 459 3009 33:527?
567 2906 661 2955 660,
687 2905 764 2942 661
798 2904 1052 2953 interpunxit
1077 2903 1223 2953 Hemsy
1336 2903 1418 2941 666
1448 2906 1541 2941 atro
1573 2901 1763 2951 Klou?ek‚
1786 2901 1917 2952 recipit
