2014 3372
225 159 277 207 P.
318 158 619 206 VERGILI
658 158 984 207 MARONIS

222 301 475 366 spargitur,
514 318 629 350 arva
664 318 795 351 nova
832 298 1087 364 Neptunia
1122 300 1277 349 caede
1313 298 1594 347 rubescunt.
1744 295 1747 298 ’
1819 305 1898 361 695

221 382 388 446 regina
424 382 476 431 in
513 381 690 431 mediis
727 380 885 445 patrio
921 390 1066 430 vocat
1101 379 1301 444 agmina
1335 378 1493 439 sistro,

221 466 439 513 necdum
477 463 628 512 etiam
664 463 890 526 geminos
925 480 956 511 a
991 471 1128 526 tergo
1164 460 1363 524 respicit
1397 460 1584 524 anguis.

220 544 645 607 omnigenumque
668 545 833 593 ‘deum
869 552 1090 592 monstra
1125 552 1174 592 et
1210 544 1409 591 latrator
1444 540 1639 590 Anubis

220 635 392 675 contra
428 628 724 690 Neptunum
761 635 811 675 et
846 628 1095 674 Venerem
1132 633 1403 687 contraque
1441 623 1723 672 Minervam

218 711 316 758 tela
351 718 535 759 tenent.
610 709 763 759 saevit
799 709 966 759 medio
1002 709 1053 758 in
1089 709 1357 758 certamine
1395 711 1596 758 Mavors
1821 726 1899 771 700

219 792 436 839 caelatus
472 793 614 851 ferro,
654 791 916 855 tristesque
958 809 1018 840 ex
1052 793 1250 840 aethere
1288 790 1451 850 Dirae,

218 880 266 921 et
303 871 454 920 scissa
489 874 711 936 gaudens
748 873 884 922 vadit
922 872 1184 922 Discordia
1219 875 1363 937 palla,

217 970 368 1016 quam
405 971 522 1002 cum
558 954 830 1018 sanguineo
867 954 1088 1018 sequitur
1125 956 1333 1003 Bellona
1368 956 1577 1018 flagello.

216 1034 391 1083 Actius
429 1037 555 1084 haec
591 1052 800 1084 cernens
835 1053 1005 1084 arcum
1042 1035 1335 1085 intendebat
1370 1037 1556 1099 Apollo

215 1118 462 1180 desuper:
512 1117 676 1166 omnis
713 1135 774 1167 eo
810 1127 991 1167 terrore
1027 1121 1280 1182 Aegyptus
1317 1126 1366 1166 et
1404 1117 1532 1176 Indi,
1818 1135 1895 1181 705

215 1199 378 1248 omnis
414 1200 591 1260 Arabs,
631 1215 806 1249 ornnes
842 1201 1100 1249 vertebant
1136 1209 1271 1263 terga
1306 1199 1498 1249 Sabaei.

213 1279 321 1343 ipsa
355 1280 618 1330 videbatur
653 1282 811 1330 ventis
848 1281 1016 1346 regina
1051 1280 1237 1330 vocatis

212 1363 321 1410 vela
357 1364 476 1411 dare
513 1372 562 1411 et
598 1364 734 1411 laxos
771 1362 870 1411 iam
908 1362 1107 1426 iamque
1144 1362 1410 1412 immittere
1446 1361 1591 1412 funis.

211 1441 346 1491 illam
383 1442 512 1498 inter
548 1446 726 1492 caedes
764 1446 1033 1507 pallentem
1071 1453 1229 1494 morte
1266 1446 1428 1493 futura

210 1525 392 1573 fecerat
428 1524 711 1588 ignipotens
749 1526 896 1574 undis
933 1535 982 1575 et
1020 1528 1202 1590 Iapyge
1238 1526 1363 1586 ferri,
1814 1542 1893 1587 710

211 1615 382 1655 contra
418 1616 587 1656 autem
624 1624 806 1671 magno
843 1617 1148 1656 maerentem
1185 1625 1390 1670 corpore
1428 1607 1601 1657 Nilum

209 1690 615 1751 pandentemque
652 1688 788 1737 sinus
825 1698 875 1737 et
911 1697 1015 1737 tota
1050 1697 1185 1738 veste
1216 1698 1483 1737 -vocantem

209 1771 491 1818 caeruleum
528 1769 579 1818 in
615 1769 858 1833 gremium
895 1770 1240 1833 latebrosaque
1277 1769 1482 1818 flumina
1516 1768 1687 1817 victos,

207 1859 257 1899 at
295 1852 491 1910 Caesar,
531 1850 709 1914 triplici
747 1851 971 1900 invectus
1011 1853 1243 1900 Romana
1279 1850 1530 1914 triumpho

208 1932 418 1991 moenia,
460 1932 536 1980 dis
576 1931 713 1980 Italis
750 1941 921 1981 votum
960 1932 1237 1981 immortale
1274 1932 1512 1991 sacrabat,
1576 1926 1580 1930 ’
1777 1949 1891 1996 ,715

207 2013 421 2062 maxima
458 2023 531 2062 ter
566 2023 768 2063 centum
806 2023 963 2063 totam
1001 2014 1208 2063 delubra
1243 2030 1331 2077 per
1366 2014 1554 2062 urbem.

206 2095 390 2144 laetitia
427 2096 657 2159 ludisque
693 2096 801 2145 viae
838 2098 1115 2160 plausuque
1152 2095 1429 2144 fremebant
1449 2113 1463 2156 3

205 2177 438 2227 omnibus
475 2178 527 2226 in
563 2178 761 2242 templis
798 2188 1012 2227 matrum
1051 2180 1243 2238 chorus,
1285 2177 1519 2227 omnibus
1556 2194 1699 2238 arae3

203 2267 318 2307 ante
354 2276 460 2307 aras
498 2268 676 2308 terram
714 2248 844 2308 caesi
881 2269 1094 2309 stravere
1131 2258 1338 2307 iuvenci.

203 2338 308 2402 ipse
345 2341 526 2389 sedens
563 2340 709 2409 niveo
747 2340 1006 2389 candentis
1046 2340 1216 2389 limine
1254 2339 1448 2389 Phoebi
1803 2355 1886 2400 720

202 2422 337 2470 dona
373 2422 683 2485 recognoscit
721 2425 1021 2486 populorum
1058 2431 1293 2486 aptatque
1330 2421 1554 2486 superbis

202 2502 463 2567 postibus,·
511 2503 751 2553 incedunt
788 2504 948 2554 victae
985 2507 1135 2568 longo
1173 2504 1346 2554 ordine
1382 2513 1567 2567 gentes,

202 2602 353 2648 quam
390 2585 552 2635 variae
589 2586 781 2650 linguis,
824 2587 997 2636 habitu
1035 2596 1137 2635 tam
1174 2586 1322 2636 vestis
1359 2595 1408 2636 et
1444 2585 1604 2634 armis.

200 2666 281 2714 hic
319 2669 612 2717 Nomadum
649 2685 804 2732 genus
842 2677 891 2717 et
928 2667 1197 2718 discinctos
1236 2667 1484 2716 Mulciber
1519 2668 1680 2726 Afros,

199 2748 280 2797 hic
318 2751 524 2814 Lelegas
563 2753 815 2814 Carasque
852 2750 1243 2814 sagittiferosque
1281 2753 1501 2799 Gelonos
1802 2766 1876 2809 7²5

251 2881 443 2931 695—725
467 2880 599 2919 MPR
848 2931 850 2933 ‚
886 2882 967 2930 698
997 2880 1285 2930 nigenumque
1307 2878 1387 2930 Ml,
1414 2878 1522 2919 unde
1549 2879 1881 2928 Niligenumque

197 2934 431 2984 suspicatur
457 2935 736 2974 Lachmann:
778 2935 1136 2984 amnigenumque
1166 2935 1407 2985 Hoffmann
1647 2944 1722 2980 701
1755 2931 1880 2971 divae

197 2987 358 3027 M2Rm
502 3003 582 3039 704
613 2990 815 3029 tendebat
839 2989 908 3039 Ργ
1050 3002 1128 3038 724
1159 2989 1258 3028 hinc
1278 2987 1371 3039 Ργό
1539 2998 1617 3037 725
1647 2986 1746 3026 hinc
1765 2985 1882 3037 qua
