<?xml version="1.0" encoding="UTF-8"?>
<!DOCTYPE html PUBLIC "-//W3C//DTD XHTML 1.0 Transitional//EN"
    "http://www.w3.org/TR/xhtml1/DTD/xhtml1-transitional.dtd">
<html xmlns="http://www.w3.org/1999/xhtml" xml:lang="en" lang="en">
 <head>
  <title>
</title>
<meta http-equiv="Content-Type" content="text/html;charset=utf-8" />
  <meta name='ocr-system' content='tesseract 3.04.00' />
  <meta name='ocr-capabilities' content='ocr_page ocr_carea ocr_par ocr_line ocrx_word'/>
</head>
<body>
  <div class='ocr_page' id='page_1' title='image "./operarecognovitb00virguoft/operarecognovitb00virguoft_0169.png"; bbox 0 0 2014 3372; ppageno 0'>
   <div class='ocr_carea' id='block_1_1' title="bbox 1358 136 1812 186">
    <p class='ocr_par' dir='ltr' id='par_1_1' title="bbox 1358 136 1812 186">
     <span class='ocr_line' id='line_1_1' title="bbox 1358 136 1812 186; baseline 0.002 -3"><span class='ocrx_word' id='word_1_1' title='bbox 1358 136 1717 186; x_wconf 89' lang='lat' dir='ltr'>AENEIDOS</span> <span class='ocrx_word' id='word_1_2' title='bbox 1758 137 1812 184; x_wconf 92' lang='grc' dir='ltr'>ΙΙ</span> 
     </span>
    </p>
   </div>
   <div class='ocr_carea' id='block_1_2' title="bbox 109 275 1807 2529">
    <p class='ocr_par' dir='ltr' id='par_1_2' title="bbox 148 275 1480 341">
     <span class='ocr_line' id='line_1_2' title="bbox 148 275 1480 341; baseline -0.002 -15"><span class='ocrx_word' id='word_1_3' title='bbox 148 275 381 341; x_wconf 90' lang='lat' dir='ltr'>supplicis</span> <span class='ocrx_word' id='word_1_4' title='bbox 418 275 614 325; x_wconf 91' lang='lat' dir='ltr'>erubuit</span> <span class='ocrx_word' id='word_1_5' title='bbox 649 291 930 338; x_wconf 81' lang='lat' dir='ltr'>corpusque</span> <span class='ocrx_word' id='word_1_6' title='bbox 966 292 1211 338; x_wconf 85' lang='lat' dir='ltr'>exsangue</span> <span class='ocrx_word' id='word_1_7' title='bbox 1247 277 1480 338; x_wconf 84' lang='lat' dir='ltr'>sepulcro·</span> 
     </span>
    </p>

    <p class='ocr_par' dir='ltr' id='par_1_3' title="bbox 145 356 1593 419">
     <span class='ocr_line' id='line_1_3' title="bbox 145 356 1593 419; baseline 0 -14"><span class='ocrx_word' id='word_1_8' title='bbox 145 357 361 406; x_wconf 88' lang='lat' dir='ltr'>reddidit</span> <span class='ocrx_word' id='word_1_9' title='bbox 399 360 708 406; x_wconf 89' lang='lat' dir='ltr'>Hectoreum</span> <span class='ocrx_word' id='word_1_10' title='bbox 745 373 925 419; x_wconf 93' lang='lat' dir='ltr'>meque</span> <span class='ocrx_word' id='word_1_11' title='bbox 962 356 1012 404; x_wconf 93' lang='lat' dir='ltr'>in</span> <span class='ocrx_word' id='word_1_12' title='bbox 1049 373 1161 404; x_wconf 91' lang='lat' dir='ltr'>mea</span> <span class='ocrx_word' id='word_1_13' title='bbox 1195 373 1344 419; x_wconf 90' lang='lat' dir='ltr'>regna</span> <span class='ocrx_word' id='word_1_14' title='bbox 1379 356 1593 405; x_wconf 89' lang='lat' dir='ltr'>remisit.&#39;</span> 
     </span>
    </p>

    <p class='ocr_par' dir='ltr' id='par_1_4' title="bbox 145 437 1382 500">
     <span class='ocr_line' id='line_1_4' title="bbox 145 437 1382 500; baseline -0.001 -14"><span class='ocrx_word' id='word_1_15' title='bbox 145 439 214 487; x_wconf 90' lang='lat' dir='ltr'>sic</span> <span class='ocrx_word' id='word_1_16' title='bbox 250 441 377 487; x_wconf 90' lang='lat' dir='ltr'>fatus</span> <span class='ocrx_word' id='word_1_17' title='bbox 414 438 577 487; x_wconf 91' lang='lat' dir='ltr'>senior</span> <span class='ocrx_word' id='word_1_18' title='bbox 613 440 868 500; x_wconf 92' lang='lat' dir='ltr'>telumque</span> <span class='ocrx_word' id='word_1_19' title='bbox 903 437 1103 486; x_wconf 91' lang='lat' dir='ltr'>imbelle</span> <span class='ocrx_word' id='word_1_20' title='bbox 1140 437 1245 485; x_wconf 90' lang='lat' dir='ltr'>sine</span> <span class='ocrx_word' id='word_1_21' title='bbox 1281 437 1382 486; x_wconf 93' lang='lat' dir='ltr'>ictu</span> 
     </span>
    </p>

    <p class='ocr_par' dir='ltr' id='par_1_5' title="bbox 144 518 1807 664">
     <span class='ocr_line' id='line_1_5' title="bbox 144 518 1807 582; baseline -0.001 -15"><span class='ocrx_word' id='word_1_22' title='bbox 144 519 369 579; x_wconf 88' lang='lat' dir='ltr'>coniecit,</span> <span class='ocrx_word' id='word_1_23' title='bbox 409 536 557 568; x_wconf 89' lang='lat' dir='ltr'>rauco</span> <span class='ocrx_word' id='word_1_24' title='bbox 594 521 732 582; x_wconf 93' lang='lat' dir='ltr'>quod</span> <span class='ocrx_word' id='word_1_25' title='bbox 767 518 990 581; x_wconf 92' lang='lat' dir='ltr'>protinus</span> <span class='ocrx_word' id='word_1_26' title='bbox 1026 535 1137 566; x_wconf 89' lang='lat' dir='ltr'>aere</span> <span class='ocrx_word' id='word_1_27' title='bbox 1173 520 1439 580; x_wconf 90' lang='lat' dir='ltr'>repulsum,</span> <span class='ocrx_word' id='word_1_28' title='bbox 1729 540 1807 580; x_wconf 84' lang='lat'>545</span> 
     </span>
     <span class='ocr_line' id='line_1_6' title="bbox 144 600 1492 664; baseline -0.001 -15"><span class='ocrx_word' id='word_1_29' title='bbox 144 610 192 649; x_wconf 92' lang='lat' dir='ltr'>et</span> <span class='ocrx_word' id='word_1_30' title='bbox 228 619 426 650; x_wconf 90' lang='lat' dir='ltr'>summo</span> <span class='ocrx_word' id='word_1_31' title='bbox 463 601 608 664; x_wconf 90' lang='lat' dir='ltr'>clipei</span> <span class='ocrx_word' id='word_1_32' title='bbox 644 600 947 664; x_wconf 80' lang='lat' dir='ltr'>nequiquam</span> <span class='ocrx_word' id='word_1_33' title='bbox 984 601 1205 648; x_wconf 91' lang='lat' dir='ltr'>umbone</span> <span class='ocrx_word' id='word_1_34' title='bbox 1242 600 1492 663; x_wconf 88' lang='lat' dir='ltr'>pependit.</span> 
     </span>
    </p>

    <p class='ocr_par' dir='ltr' id='par_1_6' title="bbox 142 681 1520 745">
     <span class='ocr_line' id='line_1_7' title="bbox 142 681 1520 745; baseline 0 -15"><span class='ocrx_word' id='word_1_35' title='bbox 142 681 222 730; x_wconf 90' lang='lat' dir='ltr'>cui</span> <span class='ocrx_word' id='word_1_36' title='bbox 258 685 498 745; x_wconf 86' lang='lat' dir='ltr'>Pyrrhus:</span> <span class='ocrx_word' id='word_1_37' title='bbox 550 685 758 731; x_wconf 88' lang='lat' dir='ltr'>‘referes</span> <span class='ocrx_word' id='word_1_38' title='bbox 795 699 910 745; x_wconf 90' lang='lat' dir='ltr'>ergo</span> <span class='ocrx_word' id='word_1_39' title='bbox 946 683 1070 729; x_wconf 87' lang='lat' dir='ltr'>haec</span> <span class='ocrx_word' id='word_1_40' title='bbox 1105 691 1153 729; x_wconf 91' lang='lat' dir='ltr'>et</span> <span class='ocrx_word' id='word_1_41' title='bbox 1190 681 1390 730; x_wconf 88' lang='lat' dir='ltr'>nuntius</span> <span class='ocrx_word' id='word_1_42' title='bbox 1427 681 1520 730; x_wconf 89' lang='lat' dir='ltr'>ibis</span> 
     </span>
    </p>

    <p class='ocr_par' dir='ltr' id='par_1_7' title="bbox 142 762 1245 826">
     <span class='ocr_line' id='line_1_8' title="bbox 142 762 1245 826; baseline 0 -16"><span class='ocrx_word' id='word_1_43' title='bbox 142 763 342 812; x_wconf 85' lang='lat' dir='ltr'>Pelidae</span> <span class='ocrx_word' id='word_1_44' title='bbox 377 763 598 826; x_wconf 87' lang='lat' dir='ltr'>genitori.</span> <span class='ocrx_word' id='word_1_45' title='bbox 672 763 742 810; x_wconf 94' lang='lat' dir='ltr'>illi</span> <span class='ocrx_word' id='word_1_46' title='bbox 779 780 890 811; x_wconf 92' lang='lat' dir='ltr'>mea</span> <span class='ocrx_word' id='word_1_47' title='bbox 926 762 1081 810; x_wconf 90' lang='lat' dir='ltr'>tristia</span> <span class='ocrx_word' id='word_1_48' title='bbox 1116 764 1245 810; x_wconf 89' lang='lat' dir='ltr'>facta</span> 
     </span>
    </p>

    <p class='ocr_par' dir='ltr' id='par_1_8' title="bbox 140 846 1496 907">
     <span class='ocr_line' id='line_1_9' title="bbox 140 846 1496 907; baseline 0 -15"><span class='ocrx_word' id='word_1_49' title='bbox 140 847 534 907; x_wconf 87' lang='lat' dir='ltr'>degeneremque</span> <span class='ocrx_word' id='word_1_50' title='bbox 572 846 963 907; x_wconf 89' lang='lat' dir='ltr'>Neoptolemum</span> <span class='ocrx_word' id='word_1_51' title='bbox 1000 861 1192 892; x_wconf 89' lang='lat' dir='ltr'>narrare</span> <span class='ocrx_word' id='word_1_52' title='bbox 1230 854 1496 893; x_wconf 90' lang='lat' dir='ltr'>memento.</span> 
     </span>
    </p>

    <p class='ocr_par' dir='ltr' id='par_1_9' title="bbox 138 926 1807 1070">
     <span class='ocr_line' id='line_1_10' title="bbox 140 926 1807 988; baseline 0.001 -16"><span class='ocrx_word' id='word_1_53' title='bbox 140 942 274 973; x_wconf 92' lang='lat' dir='ltr'>nunc</span> <span class='ocrx_word' id='word_1_54' title='bbox 310 928 529 974; x_wconf 91' lang='lat' dir='ltr'>morere.&#39;</span> <span class='ocrx_word' id='word_1_55' title='bbox 600 928 698 974; x_wconf 94' lang='lat' dir='ltr'>hoc</span> <span class='ocrx_word' id='word_1_56' title='bbox 734 926 905 974; x_wconf 90' lang='lat' dir='ltr'>dicens</span> <span class='ocrx_word' id='word_1_57' title='bbox 941 926 1111 973; x_wconf 91' lang='lat' dir='ltr'>altaria</span> <span class='ocrx_word' id='word_1_58' title='bbox 1145 927 1209 973; x_wconf 95' lang='lat' dir='ltr'>ad</span> <span class='ocrx_word' id='word_1_59' title='bbox 1246 926 1353 988; x_wconf 89' lang='lat' dir='ltr'>ipsa</span> <span class='ocrx_word' id='word_1_60' title='bbox 1388 934 1683 974; x_wconf 91' lang='lat' dir='ltr'>trementem</span> <span class='ocrx_word' id='word_1_61' title='bbox 1711 942 1807 986; x_wconf 77' lang='grc'><strong>’550</strong></span> 
     </span>
     <span class='ocr_line' id='line_1_11' title="bbox 138 1006 1388 1070; baseline 0.001 -17"><span class='ocrx_word' id='word_1_62' title='bbox 138 1006 280 1054; x_wconf 85' lang='lat' dir='ltr'>traxit</span> <span class='ocrx_word' id='word_1_63' title='bbox 316 1016 364 1054; x_wconf 93' lang='lat' dir='ltr'>et</span> <span class='ocrx_word' id='word_1_64' title='bbox 400 1006 451 1053; x_wconf 93' lang='lat' dir='ltr'>in</span> <span class='ocrx_word' id='word_1_65' title='bbox 488 1008 645 1055; x_wconf 92' lang='lat' dir='ltr'>multo</span> <span class='ocrx_word' id='word_1_66' title='bbox 682 1009 959 1069; x_wconf 85' lang='lat' dir='ltr'>lapsantem</span> <span class='ocrx_word' id='word_1_67' title='bbox 997 1006 1235 1070; x_wconf 90' lang='lat' dir='ltr'>sanguine</span> <span class='ocrx_word' id='word_1_68' title='bbox 1272 1007 1388 1065; x_wconf 90' lang='lat' dir='ltr'>nati,</span> 
     </span>
    </p>

    <p class='ocr_par' dir='ltr' id='par_1_10' title="bbox 138 1085 1506 1149">
     <span class='ocr_line' id='line_1_12' title="bbox 138 1085 1506 1149; baseline 0.001 -16"><span class='ocrx_word' id='word_1_69' title='bbox 138 1085 478 1149; x_wconf 85' lang='lat' dir='ltr'>implicuitque</span> <span class='ocrx_word' id='word_1_70' title='bbox 516 1104 712 1136; x_wconf 91' lang='lat' dir='ltr'>comam</span> <span class='ocrx_word' id='word_1_71' title='bbox 749 1089 898 1146; x_wconf 91' lang='lat' dir='ltr'>laeva,</span> <span class='ocrx_word' id='word_1_72' title='bbox 939 1090 1208 1149; x_wconf 89' lang='lat' dir='ltr'>dextraque</span> <span class='ocrx_word' id='word_1_73' title='bbox 1245 1104 1506 1135; x_wconf 90' lang='lat' dir='ltr'>coruscum</span> 
     </span>
    </p>

    <p class='ocr_par' dir='ltr' id='par_1_11' title="bbox 137 1167 1416 1231">
     <span class='ocr_line' id='line_1_13' title="bbox 137 1167 1416 1231; baseline 0.002 -17"><span class='ocrx_word' id='word_1_74' title='bbox 137 1167 307 1215; x_wconf 89' lang='lat' dir='ltr'>extulit</span> <span class='ocrx_word' id='word_1_75' title='bbox 342 1185 400 1216; x_wconf 91' lang='lat' dir='ltr'>ac</span> <span class='ocrx_word' id='word_1_76' title='bbox 436 1169 573 1216; x_wconf 88' lang='lat' dir='ltr'>lateri</span> <span class='ocrx_word' id='word_1_77' title='bbox 610 1171 788 1231; x_wconf 91' lang='lat' dir='ltr'>capulo</span> <span class='ocrx_word' id='word_1_78' title='bbox 824 1178 967 1217; x_wconf 88' lang='lat' dir='ltr'>tenus</span> <span class='ocrx_word' id='word_1_79' title='bbox 1003 1169 1197 1217; x_wconf 89' lang='lat' dir='ltr'>abdidit</span> <span class='ocrx_word' id='word_1_80' title='bbox 1233 1186 1416 1217; x_wconf 89' lang='lat' dir='ltr'>ensem.</span> 
     </span>
    </p>

    <p class='ocr_par' dir='ltr' id='par_1_12' title="bbox 136 1248 1374 1307">
     <span class='ocr_line' id='line_1_14' title="bbox 136 1248 1374 1307; baseline 0.002 -12"><span class='ocrx_word' id='word_1_81' title='bbox 136 1249 259 1295; x_wconf 92' lang='lat' dir='ltr'>haec</span> <span class='ocrx_word' id='word_1_82' title='bbox 294 1248 405 1296; x_wconf 88' lang='lat' dir='ltr'>finis</span> <span class='ocrx_word' id='word_1_83' title='bbox 442 1249 623 1296; x_wconf 91' lang='lat' dir='ltr'>Priami</span> <span class='ocrx_word' id='word_1_84' title='bbox 659 1251 884 1307; x_wconf 86' lang='lat' dir='ltr'>fatorum,</span> <span class='ocrx_word' id='word_1_85' title='bbox 924 1249 1005 1296; x_wconf 94' lang='lat' dir='ltr'>hic</span> <span class='ocrx_word' id='word_1_86' title='bbox 1042 1249 1197 1298; x_wconf 88' lang='lat' dir='ltr'>exitus</span> <span class='ocrx_word' id='word_1_87' title='bbox 1234 1249 1374 1297; x_wconf 91' lang='lat' dir='ltr'>illum</span> 
     </span>
    </p>

    <p class='ocr_par' dir='ltr' id='par_1_13' title="bbox 131 1329 1798 1636">
     <span class='ocr_line' id='line_1_15' title="bbox 136 1329 1798 1393; baseline 0.002 -17"><span class='ocrx_word' id='word_1_88' title='bbox 136 1338 265 1377; x_wconf 90' lang='lat' dir='ltr'>sorte</span> <span class='ocrx_word' id='word_1_89' title='bbox 301 1329 411 1377; x_wconf 93' lang='lat' dir='ltr'>tulit</span> <span class='ocrx_word' id='word_1_90' title='bbox 447 1329 649 1378; x_wconf 90' lang='lat' dir='ltr'>Troiam</span> <span class='ocrx_word' id='word_1_91' title='bbox 686 1330 942 1378; x_wconf 90' lang='lat' dir='ltr'>incensam</span> <span class='ocrx_word' id='word_1_92' title='bbox 980 1339 1028 1378; x_wconf 93' lang='lat' dir='ltr'>et</span> <span class='ocrx_word' id='word_1_93' title='bbox 1064 1332 1292 1393; x_wconf 89' lang='lat' dir='ltr'>prolapsa</span> <span class='ocrx_word' id='word_1_94' title='bbox 1327 1330 1580 1379; x_wconf 86' lang='lat' dir='ltr'>videntem</span> <span class='ocrx_word' id='word_1_95' title='bbox 1722 1353 1798 1393; x_wconf 85' lang='grc'>555</span> 
     </span>
     <span class='ocr_line' id='line_1_16' title="bbox 135 1411 1604 1474; baseline 0.002 -17"><span class='ocrx_word' id='word_1_96' title='bbox 135 1412 383 1473; x_wconf 88' lang='lat' dir='ltr'>Pergama,</span> <span class='ocrx_word' id='word_1_97' title='bbox 423 1419 498 1459; x_wconf 96' lang='lat' dir='ltr'>tot</span> <span class='ocrx_word' id='word_1_98' title='bbox 533 1412 790 1473; x_wconf 92' lang='lat' dir='ltr'>quondam</span> <span class='ocrx_word' id='word_1_99' title='bbox 827 1411 1024 1473; x_wconf 89' lang='lat' dir='ltr'>populis</span> <span class='ocrx_word' id='word_1_100' title='bbox 1061 1411 1298 1473; x_wconf 91' lang='lat' dir='ltr'>terrisque</span> <span class='ocrx_word' id='word_1_101' title='bbox 1334 1413 1604 1474; x_wconf 89' lang='lat' dir='ltr'>superbum</span> 
     </span>
     <span class='ocr_line' id='line_1_17' title="bbox 133 1491 1480 1555; baseline 0.002 -17"><span class='ocrx_word' id='word_1_102' title='bbox 133 1501 440 1554; x_wconf 84' lang='lat' dir='ltr'>regnatorem</span> <span class='ocrx_word' id='word_1_103' title='bbox 476 1492 638 1540; x_wconf 91' lang='lat' dir='ltr'>Asiae.</span> <span class='ocrx_word' id='word_1_104' title='bbox 714 1491 841 1540; x_wconf 91' lang='lat' dir='ltr'>iacet</span> <span class='ocrx_word' id='word_1_105' title='bbox 877 1492 1050 1555; x_wconf 89' lang='lat' dir='ltr'>ingens</span> <span class='ocrx_word' id='word_1_106' title='bbox 1087 1492 1229 1541; x_wconf 90' lang='lat' dir='ltr'>litore</span> <span class='ocrx_word' id='word_1_107' title='bbox 1266 1502 1480 1552; x_wconf 85' lang='lat' dir='ltr'>truncus,</span> 
     </span>
     <span class='ocr_line' id='line_1_18' title="bbox 131 1566 1548 1636; baseline 0.003 -18"><span class='ocrx_word' id='word_1_108' title='bbox 131 1566 455 1634; x_wconf 76' lang='lat' dir='ltr'>avulsumque</span> <span class='ocrx_word' id='word_1_109' title='bbox 491 1572 671 1621; x_wconf 92' lang='lat' dir='ltr'>umeris</span> <span class='ocrx_word' id='word_1_110' title='bbox 708 1582 856 1636; x_wconf 91' lang='lat' dir='ltr'>caput</span> <span class='ocrx_word' id='word_1_111' title='bbox 893 1582 941 1621; x_wconf 92' lang='lat' dir='ltr'>et</span> <span class='ocrx_word' id='word_1_112' title='bbox 978 1573 1082 1622; x_wconf 91' lang='lat' dir='ltr'>sine</span> <span class='ocrx_word' id='word_1_113' title='bbox 1118 1573 1321 1621; x_wconf 91' lang='lat' dir='ltr'>nomine</span> <span class='ocrx_word' id='word_1_114' title='bbox 1357 1590 1548 1636; x_wconf 92' lang='lat' dir='ltr'>corpus.</span> 
     </span>
    </p>

    <p class='ocr_par' dir='ltr' id='par_1_14' title="bbox 109 1654 1799 2287">
     <span class='ocr_line' id='line_1_19' title="bbox 197 1654 1560 1717; baseline 0.002 -16"><span class='ocrx_word' id='word_1_115' title='bbox 197 1655 265 1701; x_wconf 93' lang='lat' dir='ltr'>At</span> <span class='ocrx_word' id='word_1_116' title='bbox 301 1670 381 1702; x_wconf 93' lang='lat' dir='ltr'>me</span> <span class='ocrx_word' id='word_1_117' title='bbox 416 1663 522 1702; x_wconf 94' lang='lat' dir='ltr'>tum</span> <span class='ocrx_word' id='word_1_118' title='bbox 558 1654 773 1717; x_wconf 90' lang='lat' dir='ltr'>primum</span> <span class='ocrx_word' id='word_1_119' title='bbox 810 1671 984 1703; x_wconf 91' lang='lat' dir='ltr'>saevus</span> <span class='ocrx_word' id='word_1_120' title='bbox 1022 1654 1342 1704; x_wconf 90' lang='lat' dir='ltr'>circumstetit</span> <span class='ocrx_word' id='word_1_121' title='bbox 1378 1657 1560 1705; x_wconf 88' lang='lat' dir='ltr'>horror.</span> 
     </span>
     <span class='ocr_line' id='line_1_20' title="bbox 131 1733 1799 1799; baseline 0.003 -18"><span class='ocrx_word' id='word_1_122' title='bbox 131 1733 347 1797; x_wconf 90' lang='lat' dir='ltr'>obstipui</span> <span class='ocrx_word' id='word_1_123' title='bbox 365 1753 377 1797; x_wconf 77' lang='lat'><em>3</em></span> <span class='ocrx_word' id='word_1_124' title='bbox 425 1735 574 1783; x_wconf 91' lang='lat' dir='ltr'>subiit</span> <span class='ocrx_word' id='word_1_125' title='bbox 611 1735 709 1783; x_wconf 90' lang='lat' dir='ltr'>cari</span> <span class='ocrx_word' id='word_1_126' title='bbox 743 1735 977 1799; x_wconf 89' lang='lat' dir='ltr'>genitoris</span> <span class='ocrx_word' id='word_1_127' title='bbox 1014 1736 1190 1799; x_wconf 92' lang='lat' dir='ltr'>imago,</span> <span class='ocrx_word' id='word_1_128' title='bbox 1719 1746 1799 1798; x_wconf 80' lang='lat'>560</span> 
     </span>
     <span class='ocr_line' id='line_1_21' title="bbox 130 1818 1324 1880; baseline 0.003 -17"><span class='ocrx_word' id='word_1_129' title='bbox 130 1824 184 1863; x_wconf 90' lang='lat' dir='ltr'>ut</span> <span class='ocrx_word' id='word_1_130' title='bbox 219 1833 382 1879; x_wconf 92' lang='lat' dir='ltr'>regem</span> <span class='ocrx_word' id='word_1_131' title='bbox 418 1834 725 1880; x_wconf 90' lang='lat' dir='ltr'>aequaevum</span> <span class='ocrx_word' id='word_1_132' title='bbox 763 1818 950 1867; x_wconf 90' lang='lat' dir='ltr'>crudeli</span> <span class='ocrx_word' id='word_1_133' title='bbox 985 1820 1186 1867; x_wconf 87' lang='lat' dir='ltr'>vulnere</span> <span class='ocrx_word' id='word_1_134' title='bbox 1222 1818 1324 1867; x_wconf 90' lang='lat' dir='ltr'>vidi</span> 
     </span>
     <span class='ocr_line' id='line_1_22' title="bbox 128 1896 1311 1960; baseline 0.003 -16"><span class='ocrx_word' id='word_1_135' title='bbox 128 1896 278 1945; x_wconf 91' lang='lat' dir='ltr'>vitam</span> <span class='ocrx_word' id='word_1_136' title='bbox 315 1900 625 1947; x_wconf 85' lang='lat' dir='ltr'>exhalantem</span> <span class='ocrx_word' id='word_1_137' title='bbox 643 1918 656 1960; x_wconf 80' lang='lat'>,-</span> <span class='ocrx_word' id='word_1_138' title='bbox 704 1899 856 1948; x_wconf 90' lang='lat' dir='ltr'>subiit</span> <span class='ocrx_word' id='word_1_139' title='bbox 891 1901 1087 1949; x_wconf 87' lang='lat' dir='ltr'>deserta</span> <span class='ocrx_word' id='word_1_140' title='bbox 1123 1901 1311 1950; x_wconf 87' lang='lat' dir='ltr'>Creusa</span> 
     </span>
     <span class='ocr_line' id='line_1_23' title="bbox 109 1976 1199 2044; baseline 0.004 -19"><span class='ocrx_word' id='word_1_141' title='bbox 109 1986 176 2025; x_wconf 82' lang='lat' dir='ltr'>-et</span> <span class='ocrx_word' id='word_1_142' title='bbox 212 1978 402 2041; x_wconf 90' lang='lat' dir='ltr'>direpta</span> <span class='ocrx_word' id='word_1_143' title='bbox 438 1976 616 2028; x_wconf 87' lang='lat' dir='ltr'>domus</span> <span class='ocrx_word' id='word_1_144' title='bbox 653 1989 702 2029; x_wconf 90' lang='lat' dir='ltr'>et</span> <span class='ocrx_word' id='word_1_145' title='bbox 737 1980 874 2044; x_wconf 92' lang='lat' dir='ltr'>parvi</span> <span class='ocrx_word' id='word_1_146' title='bbox 910 1998 1051 2029; x_wconf 90' lang='lat' dir='ltr'>casus</span> <span class='ocrx_word' id='word_1_147' title='bbox 1091 1981 1199 2029; x_wconf 93' lang='lat' dir='ltr'>Iuli.</span> 
     </span>
     <span class='ocr_line' id='line_1_24' title="bbox 127 2059 1403 2124; baseline 0.005 -19"><span class='ocrx_word' id='word_1_148' title='bbox 127 2059 336 2121; x_wconf 91' lang='lat' dir='ltr'>respicio</span> <span class='ocrx_word' id='word_1_149' title='bbox 373 2070 420 2108; x_wconf 93' lang='lat' dir='ltr'>et</span> <span class='ocrx_word' id='word_1_150' title='bbox 456 2078 583 2123; x_wconf 90' lang='lat' dir='ltr'>quae</span> <span class='ocrx_word' id='word_1_151' title='bbox 619 2061 682 2109; x_wconf 89' lang='lat' dir='ltr'>sit</span> <span class='ocrx_word' id='word_1_152' title='bbox 718 2079 798 2110; x_wconf 92' lang='lat' dir='ltr'>me</span> <span class='ocrx_word' id='word_1_153' title='bbox 834 2061 1019 2110; x_wconf 91' lang='lat' dir='ltr'>circum</span> <span class='ocrx_word' id='word_1_154' title='bbox 1057 2062 1201 2124; x_wconf 90' lang='lat' dir='ltr'>copia</span> <span class='ocrx_word' id='word_1_155' title='bbox 1236 2065 1403 2112; x_wconf 91' lang='lat' dir='ltr'>lustro.</span> 
     </span>
     <span class='ocr_line' id='line_1_25' title="bbox 127 2141 1791 2206; baseline 0.004 -19"><span class='ocrx_word' id='word_1_156' title='bbox 127 2141 387 2190; x_wconf 86' lang='lat' dir='ltr'>deseruere</span> <span class='ocrx_word' id='word_1_157' title='bbox 423 2155 597 2191; x_wconf 86' lang='lat' dir='ltr'>omnes</span> <span class='ocrx_word' id='word_1_158' title='bbox 634 2142 827 2201; x_wconf 87' lang='lat' dir='ltr'>defessi,</span> <span class='ocrx_word' id='word_1_159' title='bbox 868 2151 917 2191; x_wconf 93' lang='lat' dir='ltr'>et</span> <span class='ocrx_word' id='word_1_160' title='bbox 952 2160 1159 2205; x_wconf 91' lang='lat' dir='ltr'>corpora</span> <span class='ocrx_word' id='word_1_161' title='bbox 1195 2146 1320 2192; x_wconf 92' lang='lat' dir='ltr'>saltu</span> <span class='ocrx_word' id='word_1_162' title='bbox 1716 2153 1791 2206; x_wconf 83' lang='lat'>565</span> 
     </span>
     <span class='ocr_line' id='line_1_26' title="bbox 124 2222 1374 2287; baseline 0.004 -18"><span class='ocrx_word' id='word_1_163' title='bbox 124 2222 188 2269; x_wconf 88' lang='lat' dir='ltr'>ad</span> <span class='ocrx_word' id='word_1_164' title='bbox 225 2230 400 2270; x_wconf 91' lang='lat' dir='ltr'>terram</span> <span class='ocrx_word' id='word_1_165' title='bbox 437 2223 612 2272; x_wconf 91' lang='lat' dir='ltr'>misere</span> <span class='ocrx_word' id='word_1_166' title='bbox 647 2233 732 2272; x_wconf 92' lang='lat' dir='ltr'>aut</span> <span class='ocrx_word' id='word_1_167' title='bbox 767 2223 963 2287; x_wconf 91' lang='lat' dir='ltr'>ignibus</span> <span class='ocrx_word' id='word_1_168' title='bbox 999 2241 1144 2287; x_wconf 89' lang='lat' dir='ltr'>aegra</span> <span class='ocrx_word' id='word_1_169' title='bbox 1179 2227 1374 2274; x_wconf 90' lang='lat' dir='ltr'>dedere.</span> 
     </span>
    </p>

    <p class='ocr_par' dir='ltr' id='par_1_15' title="bbox 122 2304 1676 2529">
     <span class='ocr_line' id='line_1_27' title="bbox 193 2304 1676 2368; baseline 0.004 -18"><span class='ocrx_word' id='word_1_170' title='bbox 193 2304 401 2366; x_wconf 92' lang='lat' dir='ltr'>Iamque</span> <span class='ocrx_word' id='word_1_171' title='bbox 437 2306 564 2353; x_wconf 90' lang='lat' dir='ltr'>adeo</span> <span class='ocrx_word' id='word_1_172' title='bbox 602 2322 747 2368; x_wconf 92' lang='lat' dir='ltr'>super</span> <span class='ocrx_word' id='word_1_173' title='bbox 783 2322 911 2353; x_wconf 91' lang='lat' dir='ltr'>unus</span> <span class='ocrx_word' id='word_1_174' title='bbox 948 2322 1094 2364; x_wconf 90' lang='lat' dir='ltr'>eram,</span> <span class='ocrx_word' id='word_1_175' title='bbox 1135 2323 1249 2354; x_wconf 93' lang='lat' dir='ltr'>cum</span> <span class='ocrx_word' id='word_1_176' title='bbox 1286 2305 1458 2355; x_wconf 91' lang='lat' dir='ltr'>limina</span> <span class='ocrx_word' id='word_1_177' title='bbox 1493 2309 1676 2356; x_wconf 90' lang='lat' dir='ltr'>Vestae</span> 
     </span>
     <span class='ocr_line' id='line_1_28' title="bbox 124 2385 1458 2436; baseline 0.004 -6"><span class='ocrx_word' id='word_1_178' title='bbox 124 2392 398 2432; x_wconf 88' lang='lat' dir='ltr'>servantem</span> <span class='ocrx_word' id='word_1_179' title='bbox 435 2395 483 2433; x_wconf 91' lang='lat' dir='ltr'>et</span> <span class='ocrx_word' id='word_1_180' title='bbox 520 2385 719 2434; x_wconf 90' lang='lat' dir='ltr'>tacitam</span> <span class='ocrx_word' id='word_1_181' title='bbox 757 2395 945 2435; x_wconf 89' lang='lat' dir='ltr'>secreta</span> <span class='ocrx_word' id='word_1_182' title='bbox 979 2386 1030 2434; x_wconf 93' lang='lat' dir='ltr'>in</span> <span class='ocrx_word' id='word_1_183' title='bbox 1068 2388 1185 2435; x_wconf 89' lang='lat' dir='ltr'>sede</span> <span class='ocrx_word' id='word_1_184' title='bbox 1222 2388 1458 2436; x_wconf 88' lang='lat' dir='ltr'>latentem</span> 
     </span>
     <span class='ocr_line' id='line_1_29' title="bbox 122 2464 1456 2529; baseline 0.004 -19"><span class='ocrx_word' id='word_1_185' title='bbox 122 2464 408 2525; x_wconf 89' lang='lat' dir='ltr'>Tyndarida</span> <span class='ocrx_word' id='word_1_186' title='bbox 442 2466 628 2529; x_wconf 90' lang='lat' dir='ltr'>aspicio</span> <span class='ocrx_word' id='word_1_187' title='bbox 646 2485 659 2527; x_wconf 70' lang='lat'>5</span> <span class='ocrx_word' id='word_1_188' title='bbox 707 2468 828 2515; x_wconf 92' lang='lat' dir='ltr'>dant</span> <span class='ocrx_word' id='word_1_189' title='bbox 864 2469 993 2515; x_wconf 88' lang='lat' dir='ltr'>clara</span> <span class='ocrx_word' id='word_1_190' title='bbox 1028 2467 1260 2516; x_wconf 87' lang='lat' dir='ltr'>incendia</span> <span class='ocrx_word' id='word_1_191' title='bbox 1294 2469 1456 2516; x_wconf 92' lang='lat' dir='ltr'>lucem</span> 
     </span>
    </p>
   </div>
   <div class='ocr_carea' id='block_1_3' title="bbox 119 2595 1792 2757">
    <p class='ocr_par' dir='ltr' id='par_1_16' title="bbox 119 2595 1792 2757">
     <span class='ocr_line' id='line_1_30' title="bbox 176 2595 1790 2650; baseline 0.005 -19"><span class='ocrx_word' id='word_1_192' title='bbox 176 2596 367 2644; x_wconf 86' lang='lat'><strong>542-566</strong></span> <span class='ocrx_word' id='word_1_193' title='bbox 387 2595 479 2634; x_wconf 90' lang='lat' dir='ltr'>MP</span> <span class='ocrx_word' id='word_1_194' title='bbox 792 2599 874 2647; x_wconf 85' lang='lat'>546</span> <span class='ocrx_word' id='word_1_195' title='bbox 903 2598 966 2650; x_wconf 81' lang='lat' dir='ltr'>et]</span> <span class='ocrx_word' id='word_1_196' title='bbox 989 2611 1043 2637; x_wconf 90' lang='lat' dir='ltr'>ex</span> <span class='ocrx_word' id='word_1_197' title='bbox 1070 2597 1290 2648; x_wconf 72' lang='lat' dir='ltr'>I‘Vakefield</span> <span class='ocrx_word' id='word_1_198' title='bbox 1304 2598 1518 2637; x_wconf 83' lang='lat' dir='ltr'>Deuticke:</span> <span class='ocrx_word' id='word_1_199' title='bbox 1552 2612 1600 2638; x_wconf 90' lang='lat' dir='ltr'>ec</span> <span class='ocrx_word' id='word_1_200' title='bbox 1621 2598 1790 2639; x_wconf 79' lang='lat' dir='ltr'>Ribbeck</span> 
     </span>
     <span class='ocr_line' id='line_1_31' title="bbox 121 2649 1792 2705; baseline 0.005 -20"><span class='ocrx_word' id='word_1_201' title='bbox 121 2659 200 2696; x_wconf 88' lang='lat'>552</span> <span class='ocrx_word' id='word_1_202' title='bbox 233 2661 350 2687; x_wconf 85' lang='lat' dir='ltr'>coma</span> <span class='ocrx_word' id='word_1_203' title='bbox 370 2649 461 2700; x_wconf 44' lang='lat' dir='ltr'>Py&amp;</span> <span class='ocrx_word' id='word_1_204' title='bbox 666 2651 827 2691; x_wconf 89' lang='lat' dir='ltr'>laevam</span> <span class='ocrx_word' id='word_1_205' title='bbox 847 2652 889 2690; x_wconf 91' lang='lat' dir='ltr'>P</span> <span class='ocrx_word' id='word_1_206' title='bbox 1101 2666 1180 2703; x_wconf 88' lang='lat'>554</span> <span class='ocrx_word' id='word_1_207' title='bbox 1205 2658 1300 2704; x_wconf 84' lang='lat' dir='ltr'>post</span> <span class='ocrx_word' id='word_1_208' title='bbox 1320 2653 1472 2691; x_wconf 80' lang='lat' dir='ltr'>Priami</span> <span class='ocrx_word' id='word_1_209' title='bbox 1493 2653 1792 2705; x_wconf 74' lang='lat' dir='ltr'>interpungunt</span> 
     </span>
     <span class='ocr_line' id='line_1_32' title="bbox 119 2702 1788 2757; baseline 0.006 -19"><span class='ocrx_word' id='word_1_210' title='bbox 119 2702 436 2741; x_wconf 84' lang='lat' dir='ltr'>Haeckermann</span> <span class='ocrx_word' id='word_1_211' title='bbox 484 2705 558 2743; x_wconf 88' lang='lat' dir='ltr'>alii</span> <span class='ocrx_word' id='word_1_212' title='bbox 717 2719 799 2756; x_wconf 88' lang='lat'>559</span> <span class='ocrx_word' id='word_1_213' title='bbox 834 2708 1152 2747; x_wconf 86' lang='lat' dir='ltr'>circuminstetit</span> <span class='ocrx_word' id='word_1_214' title='bbox 1181 2707 1239 2745; x_wconf 86' lang='lat' dir='ltr'>Pl</span> <span class='ocrx_word' id='word_1_215' title='bbox 1433 2709 1623 2757; x_wconf 85' lang='lat'>567-588</span> <span class='ocrx_word' id='word_1_216' title='bbox 1648 2720 1788 2748; x_wconf 83' lang='lat' dir='ltr'>versus</span> 
     </span>
    </p>
   </div>
   <div class='ocr_carea' id='block_1_4' title="bbox 118 2755 1787 3027">
    <p class='ocr_par' dir='ltr' id='par_1_17' title="bbox 118 2755 1787 3027">
     <span class='ocr_line' id='line_1_33' title="bbox 120 2755 1787 2814; baseline 0.004 -21"><span class='ocrx_word' id='word_1_217' title='bbox 120 2755 234 2794; x_wconf 81' lang='lat' dir='ltr'>valde</span> <span class='ocrx_word' id='word_1_218' title='bbox 270 2756 309 2793; x_wconf 87' lang='lat' dir='ltr'><em>V</em></span> <span class='ocrx_word' id='word_1_219' title='bbox 303 2759 527 2808; x_wconf 80' lang='lat' dir='ltr'>ergilianos,</span> <span class='ocrx_word' id='word_1_220' title='bbox 568 2760 619 2797; x_wconf 86' lang='lat' dir='ltr'>ab</span> <span class='ocrx_word' id='word_1_221' title='bbox 653 2762 818 2811; x_wconf 81' lang='lat' dir='ltr'>optimis</span> <span class='ocrx_word' id='word_1_222' title='bbox 857 2762 1051 2800; x_wconf 82' lang='lat' dir='ltr'>codicibus</span> <span class='ocrx_word' id='word_1_223' title='bbox 1085 2762 1383 2814; x_wconf 65' lang='lat' dir='ltr'>(MP‘yabcmvr)</span> <span class='ocrx_word' id='word_1_224' title='bbox 1414 2762 1598 2813; x_wconf 79' lang='lat' dir='ltr'>omissos,</span> <span class='ocrx_word' id='word_1_225' title='bbox 1635 2762 1787 2801; x_wconf 61' lang='lat' dir='ltr'>iniuria</span> 
     </span>
     <span class='ocr_line' id='line_1_34' title="bbox 120 2809 1783 2867; baseline 0.005 -21"><span class='ocrx_word' id='word_1_226' title='bbox 120 2809 347 2850; x_wconf 81' lang='lat' dir='ltr'>obleverunt</span> <span class='ocrx_word' id='word_1_227' title='bbox 375 2813 502 2851; x_wconf 89' lang='lat' dir='ltr'>Tucca</span> <span class='ocrx_word' id='word_1_228' title='bbox 534 2818 571 2851; x_wconf 86' lang='lat' dir='ltr'>et</span> <span class='ocrx_word' id='word_1_229' title='bbox 599 2812 762 2853; x_wconf 82' lang='lat' dir='ltr'>Varius.</span> <span class='ocrx_word' id='word_1_230' title='bbox 819 2815 968 2854; x_wconf 77' lang='lat' dir='ltr'>habent</span> <span class='ocrx_word' id='word_1_231' title='bbox 992 2816 1199 2854; x_wconf 73' lang='lat' dir='ltr'>deteribres</span> <span class='ocrx_word' id='word_1_232' title='bbox 1215 2817 1350 2866; x_wconf 82' lang='lat' dir='ltr'>pauci.</span> <span class='ocrx_word' id='word_1_233' title='bbox 1407 2821 1567 2867; x_wconf 84' lang='lat' dir='ltr'>praeter</span> <span class='ocrx_word' id='word_1_234' title='bbox 1591 2815 1783 2855; x_wconf 82' lang='lat' dir='ltr'>Servium</span> 
     </span>
     <span class='ocr_line' id='line_1_35' title="bbox 122 2863 1784 2920; baseline 0.005 -19"><span class='ocrx_word' id='word_1_235' title='bbox 122 2863 182 2914; x_wconf 85' lang='lat' dir='ltr'>(in</span> <span class='ocrx_word' id='word_1_236' title='bbox 209 2865 300 2903; x_wconf 75' lang='lat' dir='ltr'>Vita</span> <span class='ocrx_word' id='word_1_237' title='bbox 322 2866 498 2919; x_wconf 65' lang='lat' dir='ltr'>Vergy&#39;lzi)</span> <span class='ocrx_word' id='word_1_238' title='bbox 525 2868 643 2906; x_wconf 83' lang='lat' dir='ltr'>silent</span> <span class='ocrx_word' id='word_1_239' title='bbox 663 2871 944 2919; x_wconf 82' lang='lat' dir='ltr'>grammatici.</span> <span class='ocrx_word' id='word_1_240' title='bbox 1023 2883 1143 2909; x_wconf 85' lang='lat' dir='ltr'>curas</span> <span class='ocrx_word' id='word_1_241' title='bbox 1178 2870 1374 2909; x_wconf 83' lang='lat' dir='ltr'>secundas</span> <span class='ocrx_word' id='word_1_242' title='bbox 1395 2870 1549 2920; x_wconf 76' lang='lat' dir='ltr'>pm’mis</span> <span class='ocrx_word' id='word_1_243' title='bbox 1577 2883 1660 2908; x_wconf 87' lang='lat' dir='ltr'>non</span> <span class='ocrx_word' id='word_1_244' title='bbox 1695 2883 1784 2908; x_wconf 88' lang='lat' dir='ltr'>con·</span> 
     </span>
     <span class='ocr_line' id='line_1_36' title="bbox 118 2919 1783 2973; baseline 0.002 -18"><span class='ocrx_word' id='word_1_245' title='bbox 118 2919 266 2959; x_wconf 73' lang='lat' dir='ltr'>ciliavit</span> <span class='ocrx_word' id='word_1_246' title='bbox 295 2927 413 2971; x_wconf 84' lang='lat' dir='ltr'>poeta</span> <span class='ocrx_word' id='word_1_247' title='bbox 428 2937 441 2961; x_wconf 89' lang='lat'>.·</span> <span class='ocrx_word' id='word_1_248' title='bbox 479 2921 567 2962; x_wconf 84' lang='lat' dir='ltr'>vide</span> <span class='ocrx_word' id='word_1_249' title='bbox 601 2922 784 2960; x_wconf 81' lang='lat' dir='ltr'>Deuticke</span> <span class='ocrx_word' id='word_1_250' title='bbox 812 2921 1137 2970; x_wconf 78' lang='lat' dir='ltr'>jahresberichte</span> <span class='ocrx_word' id='word_1_251' title='bbox 1169 2922 1240 2961; x_wconf 85' lang='lat' dir='ltr'>des</span> <span class='ocrx_word' id='word_1_252' title='bbox 1268 2922 1587 2973; x_wconf 80' lang='lat' dir='ltr'>philologischen</span> <span class='ocrx_word' id='word_1_253' title='bbox 1632 2921 1783 2960; x_wconf 83' lang='lat' dir='ltr'>Vereins</span> 
     </span>
     <span class='ocr_line' id='line_1_37' title="bbox 118 2973 1377 3027; baseline 0.004 -17"><span class='ocrx_word' id='word_1_254' title='bbox 118 2984 174 3012; x_wconf 77' lang='lat' dir='ltr'>zu</span> <span class='ocrx_word' id='word_1_255' title='bbox 194 2973 332 3013; x_wconf 80' lang='lat' dir='ltr'>Berlin</span> <span class='ocrx_word' id='word_1_256' title='bbox 354 2990 422 3014; x_wconf 87' lang='lat' dir='ltr'>xv.</span> <span class='ocrx_word' id='word_1_257' title='bbox 447 2989 487 3027; x_wconf 86' lang='lat' dir='ltr'>p.</span> <span class='ocrx_word' id='word_1_258' title='bbox 510 2988 588 3025; x_wconf 85' lang='lat'>331</span> <span class='ocrx_word' id='word_1_259' title='bbox 757 2978 839 3026; x_wconf 89' lang='lat'>569</span> <span class='ocrx_word' id='word_1_260' title='bbox 868 2976 1020 3014; x_wconf 88' lang='lat' dir='ltr'>claram</span> <span class='ocrx_word' id='word_1_261' title='bbox 1046 2977 1186 3015; x_wconf 77' lang='lat' dir='ltr'>conicit</span> <span class='ocrx_word' id='word_1_262' title='bbox 1206 2975 1377 3015; x_wconf 85' lang='lat' dir='ltr'>Ribbeck</span> 
     </span>
    </p>
   </div>
  </div>
 </body>
</html>
