2014 3372
1308 164 1670 213 AENEIDOS
1709 165 1794 212 ΙΙΙ

130 299 449 363 ‘Troiugena‚
490 299 726 364 interpres
762 300 948 361 divum,
987 301 1074 365 qui
1108 301 1314 350 numina
1349 301 1556 362 Phoebi,

126 380 211 444 qui
246 381 479 444 tripodaS,
520 381 670 431 Clarii
706 383 882 441 lauros,
921 381 1007 445 qui
1043 381 1204 431 sidera
1240 382 1391 431 sentis
1711 391 1794 444 360

125 470 173 510 et
209 464 464 510 volucrum
500 462 689 525 linguas
727 472 775 512 et
812 463 1058 526 praepetis
1095 463 1263 512 omina
1298 481 1507 526 pennae,

123 545 224 592 fare
259 560 349 606 age
387 543 624 608 (namque
661 544 824 592 omnis
861 561 1059 592 cursum
1097 544 1219 592 mihi
1253 561 1488 607 prospera
1522 544 1644 594 dixit

124 623 306 687 religio,
346 633 395 673 et
430 624 596 672 cuncti
632 634 890 674 suaserunt
925 625 1131 674 numine
1167 625 1269 674 divi

127 704 322 753 Italiam
358 714 525 768 petere
560 715 609 754 et
645 715 793 755 terras
831 715 1071 769 temptare
1106 716 1326 770 repostas
1342 725 1356 767 3

125 787 230 833 sola
265 803 450 834 novum
486 785 722 849 dictuque
759 789 896 835 nefas
936 787 1158 850 Harpyia
1194 789 1414 837 Celaeno
1715 796 1793 850 365

124 866 404 929 prodigium
440 866 571 915 canit
606 876 656 916 et
692 867 839 915 tristis
877 867 1138 916 denuntiat
1172 868 1266 917 iras

125 947 494 1009 obscenamque
529 947 732 1012 famem)
771 965 899 1011 quae
935 948 1094 1011 prima
1127 949 1345 1012 pericula
1379 949 1517 999 vito?

125 1027 307 1090 quidve
344 1044 555 1091 sequens
592 1038 754 1078 tantos
791 1029 978 1092 possim
1015 1047 1243 1093 superare
1275 1031 1530 1080 labores?'

125 1108 207 1157 hic
243 1111 470 1158 Helenus
506 1110 660 1159 caesis
697 1110 912 1174 primum
949 1113 1014 1160 de
1049 1128 1187 1160 more
1222 1111 1442 1161 iuvencis

125 1200 292 1239 exorat
326 1208 501 1254 pacem
537 1191 708 1240 divum
745 1192 989 1255 vittasque
1026 1192 1224 1241 resolvit
1717 1211 1797 1256 370

125 1272 299 1321 sacrati
335 1272 520 1335 capitis,
561 1289 740 1334 meque
777 1274 841 1321 ad
879 1282 964 1321 tua
998 1272 1182 1332 limina,
1221 1274 1439 1332 Phoebe,

124 1352 230 1416 ipse
266 1370 417 1401 manu
453 1355 610 1401 multo
648 1369 943 1416 suspensum
980 1353 1186 1402 numine
1223 1353 1373 1413 ducit,

124 1443 273 1496 atque
309 1435 432 1482 haec
467 1433 651 1482 deinde
687 1433 820 1482 canit
857 1433 1026 1482 divino
1064 1451 1123 1482 ex
1160 1451 1243 1483 ore
1280 1436 1539 1485 sacerdos:

195 1517 353 1574 ‘Nate
389 1516 484 1563 dea
521 1514 657 1579 (nam
694 1523 743 1563 te
779 1515 1048 1564 maioribus
1084 1515 1152 1564 ire
1188 1532 1275 1578 per
1309 1518 1464 1564 altum

124 1596 354 1659 auspiciis
390 1595 649 1644 manifesta
684 1597 823 1656 fides,
863 1596 933 1645 sic
969 1598 1069 1645 fata
1103 1598 1255 1645 deum
1290 1614 1374 1646 rex
1717 1617 1795 1661 375

125 1676 320 1725 sortitur
356 1676 606 1739 volvitque
642 1676 788 1735 viceS,
828 1676 869 1725 is
906 1677 1108 1726 vertitur
1145 1678 1305 1741 ordo),

123 1775 282 1820 pauca
317 1758 407 1806 tibi
443 1775 470 1806 e
505 1757 685 1816 multis,
726 1775 827 1821 quo
864 1757 1014 1806 tutior
1050 1758 1247 1821 hospita
1281 1760 1455 1808 lustres

123 1855 338 1901 aequora
373 1848 421 1887 et
456 1837 683 1886 Ausonio
719 1838 878 1901 possis
916 1838 1174 1888 considere
1209 1849 1368 1902 portu,

124 1919 382 1982 expediam
418 1919 591 1968 dictis:
628 1919 895 1982 prohibent
930 1937 1046 1968 nam
1083 1930 1246 1969 cetera
1281 1924 1462 1972 Parcae

124 1999 245 2048 scire
283 2002 538 2049 Helenum
574 2000 762 2063 farique
799 2010 931 2050 vetat
968 2001 1194 2050 Saturnia
1232 2004 1374 2051 Iuno.
1716 2015 1795 2064 380

122 2081 363 2144 principio
402 2081 609 2140 Italiam,
649 2099 799 2144 quam
837 2091 890 2129 tu
927 2082 1025 2129 iam
1061 2099 1164 2131 rere
1200 2083 1530 2146 propinquam

122 2161 423 2224 vicinosque,
462 2161 639 2224 ignare,
680 2179 820 2224 paras
859 2162 1091 2211 invadere
1127 2172 1310 2225 portus,

122 2245 268 2305 longa
302 2244 473 2305 procul
509 2242 667 2306 longis
703 2243 782 2291 via
819 2242 996 2292 dividit
1032 2243 1164 2291 invia
1199 2244 1348 2293 terris.

121 2332 236 2371 ante
272 2332 320 2372 et
355 2322 607 2371 Trinacria
642 2325 906 2372 lentandus
944 2341 1107 2373 remus
1143 2324 1194 2372 in
1230 2327 1366 2374 unda

122 2413 171 2452 et
206 2404 318 2451 salis
353 2404 564 2453 Ausonii
599 2407 908 2454 lustrandum
947 2405 1155 2455 navibus
1190 2423 1376 2469 aequor
1716 2420 1791 2471 385

121 2484 396 2547 infernique
431 2487 567 2533 lacus
602 2489 898 2550 Aeaeaeque
939 2486 1100 2535 insula
1135 2487 1322 2547 Circae,

122 2582 270 2627 quam
307 2575 412 2614 tuta
445 2567 603 2629 possis
640 2569 814 2617 urbem
852 2585 1152 2632 componere
1189 2578 1326 2618 terra.

122 2645 259 2708 signa
293 2646 383 2694 tibi
419 2647 596 2708 dicam,
635 2658 688 2697 tu
724 2649 927 2699 condita
962 2659 1129 2699 mente
1165 2659 1361 2699 teneto:

120 2743 234 2774 cum
271 2727 362 2776 tibi
397 2729 607 2778 sollicito
644 2731 818 2780 secreti
851 2733 916 2780 ad
953 2731 1169 2780 fluminis
1206 2733 1392 2780 undam

120 2858 366 2947 M3d59-389
385 2855 477 2894 MP
503 2909 554 2948 M
648 2857 743 2919 '360
771 2856 886 2895 Clari
916 2856 1084 2909 M¹P71‚
1120 2858 1166 2908 qfi
1206 2858 1349 2898 Seru:
1401 2859 1528 2899 Clarii
1567 2866 1610 2898 et
1647 2860 1789 2901 laurus

121 2910 1416 3018 pezgffss⁸1ssffwz²szpeffssvggoetm;ufffjmzz‘ffignssgffizsv·
1585 2927 1665 2965 ³⁷²
