2014 3372
1333 154 1695 204 AENEIDOS
1734 153 1819 201 III

150 297 363 361 spargite
398 314 480 347 me
514 296 566 345 in
600 298 780 346 fluctus
815 305 1054 359 vastoque
1089 294 1363 358 immergite
1399 303 1589 357 ponto;

153 378 193 426 si
229 395 390 442 pereo,
430 377 692 426 hominum
728 376 956 426 manibus
993 376 1194 440 periisse
1229 374 1447 424 iuvabit.'

153 459 340 508 dixerat
375 468 426 508 et
457 475 620 523 genua
653 460 908 521 amplexus
943 457 1251 521 genibusque
1286 458 1513 505 volutans

152 541 398 588 haerebat.
472 539 557 603 qui
595 539 657 588 sit
693 538 793 598 fari,
834 555 934 602 quo
972 537 1210 601 sanguine
1246 547 1420 597 cretus,

153 622 417 680 hortamur,
458 637 587 684 quae
622 620 807 670 deinde
842 619 992 682 agitet
1027 621 1223 667 fortuna
1258 618 1410 667 fateri.

153 702 259 765 ipse
295 711 433 765 pater
468 704 690 751 dextram
727 700 970 749 Anchises
1006 702 1141 748 haud
1178 702 1334 748 multa
1369 707 1587 747 moratus

153 785 238 831 dat
274 783 439 832 iuveni
473 792 623 846 atque
658 782 881 831 animum
917 780 1162 844 praesenti
1198 780 1402 844 pignore
1438 781 1612 828 firmat.

152 863 234 912 ille
269 865 392 912 haec
428 863 654 926 deposita
690 865 891 912 tandem
928 861 1192 911 formidine
1227 863 1386 910 fatur:

157 947 292 992 ‘sum
329 944 484 1007 patria
519 961 579 993 ex
615 945 800 1003 Ithaca,
841 959 1009 992 comes
1046 942 1252 992 infelicis
1294 941 1438 1001 Vlixi,

152 1025 354 1074 nomine
390 1025 799 1085 Achaemenides,
840 1024 1040 1074 Troiam
1075 1023 1296 1088 genitore
1331 1025 1605 1072 Adamasto

152 1123 368 1170 paupere
406 1107 786 1171 (mansissetque
822 1106 1011 1155 utinam
1047 1107 1243 1154 fortuna
1267 1103 1297 1168 l)
1335 1106 1597 1168 profectus.

152 1187 233 1236 hic
270 1205 362 1246 me,
403 1189 523 1236 dum
561 1187 738 1251 trepidi
774 1187 992 1237 crudelia
1028 1186 1198 1235 limina
1234 1185 1477 1248 linquunt,

153 1267 467 1317 immemores
505 1268 626 1317 socii
660 1277 799 1316 vasto
837 1267 1068 1331 Cyclopis
1104 1267 1155 1314 in
1191 1275 1332 1314 antro

153 1350 424 1397 deseruere.
500 1350 679 1397 domus
716 1348 852 1397 sanie
888 1348 1200 1411 dapibusque
1236 1346 1465 1407 cruentis,

151 1429 283 1478 intus
320 1446 487 1492 opaca,
528 1429 712 1492 ingens.
789 1429 894 1492 ipse
930 1430 1125 1487 arduuS,
1165 1430 1363 1491 altaque
1399 1430 1561 1491 pulsat

152 1509 311 1558 sidera
349 1509 421 1574 (di
457 1511 605 1558 talem
642 1508 778 1558 terris
813 1508 1015 1558 avertite
1050 1517 1240 1571 pestem
1265 1507 1295 1572 Ξ)

152 1579 387 1639 ηεοῗνὶευ
423 1589 577 1638 facilis
614 1606 707 1638 nec
743 1589 879 1638 dictu
915 1588 1142 1638 adfabilis
1178 1587 1264 1636 ulli
1281 1607 1294 1648 3

152 1671 419 1720 visceribus
458 1671 748 1719 miserorum
785 1680 834 1719 et
869 1669 1106 1732 sanguine
1142 1669 1354 1718 vescitur
1388 1678 1506 1718 atro.

152 1752 253 1801 vidi
290 1763 486 1816 egomet
522 1754 624 1802 duo
662 1754 725 1801 de
761 1768 968 1800 numero
1004 1767 1119 1799 cum
1156 1767 1360 1813 corpora
1396 1758 1566 1798 nostro

152 1850 330 1896 prensa
367 1851 517 1882 manu
554 1850 732 1896 magna
768 1832 934 1881 medio
970 1831 1228 1894 resupinus
1264 1830 1315 1878 in
1350 1839 1493 1879 antro

151 1915 393 1976 frangeret
427 1916 492 1962 ad
529 1931 735 1973 saxums
754 1912 988 1975 sanieque
1022 1928 1220 1975 aspersa
1255 1920 1479 1960 natarent

151 1993 321 2042 limina
338 2013 351 2055 ,-
386 1994 488 2043 vidi
521 2004 627 2043 atro
663 2011 778 2042 cum
814 1993 1037 2041 membra
1071 1991 1274 2041 fluentia
1309 1993 1427 2040 tabo

152 2077 408 2123 manderet
445 2084 493 2123 et
530 2074 684 2137 tepidi
720 2082 983 2122 tremerent
1020 2073 1111 2120 sub
1149 2071 1380 2120 dentibus
1415 2079 1618 2119 artus—-

152 2156 287 2204 haud
323 2155 526 2218 impune
563 2154 779 2218 quidem,
819 2171 911 2202 nec
948 2153 1063 2201 talia
1098 2168 1270 2215 passus
1308 2151 1478 2200 Vlixes

152 2235 395 2285 oblitusve
432 2235 507 2285 sui
543 2245 616 2285 est
655 2238 854 2284 Ithacus
892 2233 1176 2284 discrimine
1212 2242 1363 2282 tanto.

151 2334 266 2365 nam
303 2317 449 2366 simul
485 2319 705 2380 expletus
741 2316 953 2379 dapibus
990 2315 1206 2378 vinoque
1232 2316 1450 2377 sepultus

152 2397 392 2447 cervicem
428 2398 657 2446 inflexam
694 2397 871 2460 posuit,
911 2396 1160 2458 iacuitque
1197 2412 1283 2458 per
1317 2404 1512 2443 antrum

152 2478 421 2527 immensus
458 2478 645 2526 saniem
682 2487 907 2526 eructans
944 2486 992 2525 et
1027 2478 1179 2524 frusta
1215 2484 1419 2524 cruento

151 2575 238 2621 per
273 2576 503 2607 somnum
540 2558 806 2607 commixta
842 2574 991 2617 mero,
1032 2574 1123 2606 nos
1160 2573 1338 2620 magna
1375 2555 1557 2619 precati

152 2639 356 2687 numina
392 2639 645 2702 sortitique
680 2638 811 2687 vices
848 2655 947 2686 una
983 2637 1204 2700 undique
1241 2637 1425 2686 circum

1739 300 1819 353 605

1740 705 1821 747 610

1739 1110 1819 1164 615

1739 1514 1819 1555 620

1740 1918 1818 1971 625

1736 2322 1819 2374 630

205 2769 397 2817 605-634
419 2766 510 2805 MP
750 2769 831 2816 614
862 2780 1018 2805 nomen
1050 2766 1153 2804 ab⁰c²
1183 2765 1350 2815 Bentley
1527 2767 1605 2805 621
1639 2765 1818 2806 effabilis

149 2821 293 2872 Pyabc
425 2823 506 2870 625
537 2833 720 2871 expersa
754 2821 829 2859 b2c³
848 2820 1054 2859 detem'ores
1083 2819 1254 2870 quidam
1285 2819 1398 2859 Serv.
1432 2820 1602 2858 Ribbeck

152 2878 309 2927 trepidi
344 2875 591 2914 M1P⁴a1b1⁷r
628 2876 809 2926 agnoscit
835 2874 949 2915 Serv.
1119 2875 1200 2923 629
1229 2874 1467 2923 oblitusque
1487 2874 1572 2925 P71

152 2932 399 2970 immensum
436 2929 610 2981 P7¹a¹b²
648 2929 763 2969 Serv.
955 2931 1037 2979 634
1066 2929 1238 2967 nomina
1258 2926 1326 2966 Ml

1737 2821 1816 2868 627

1736 2875 1816 2923 632
