<?xml version="1.0" encoding="UTF-8"?>
<!DOCTYPE html PUBLIC "-//W3C//DTD XHTML 1.0 Transitional//EN"
    "http://www.w3.org/TR/xhtml1/DTD/xhtml1-transitional.dtd">
<html xmlns="http://www.w3.org/1999/xhtml" xml:lang="en" lang="en">
 <head>
  <title>
</title>
<meta http-equiv="Content-Type" content="text/html;charset=utf-8" />
  <meta name='ocr-system' content='tesseract 3.04.00' />
  <meta name='ocr-capabilities' content='ocr_page ocr_carea ocr_par ocr_line ocrx_word'/>
</head>
<body>
  <div class='ocr_page' id='page_1' title='image "./operarecognovitb00virguoft/operarecognovitb00virguoft_0062.png"; bbox 0 0 2020 3372; ppageno 0'>
   <div class='ocr_carea' id='block_1_1' title="bbox 206 102 964 152">
    <p class='ocr_par' dir='ltr' id='par_1_1' title="bbox 206 102 964 152">
     <span class='ocr_line' id='line_1_1' title="bbox 206 102 964 152; baseline 0 -2"><span class='ocrx_word' id='word_1_1' title='bbox 206 105 258 151; x_wconf 89' lang='lat' dir='ltr'>P.</span> <span class='ocrx_word' id='word_1_2' title='bbox 299 103 599 152; x_wconf 85' lang='lat' dir='ltr'>VERGILI</span> <span class='ocrx_word' id='word_1_3' title='bbox 639 102 964 152; x_wconf 91' lang='lat' dir='ltr'>MARONIS</span> 
     </span>
    </p>
   </div>
   <div class='ocr_carea' id='block_1_2' title="bbox 193 239 1879 2758">
    <p class='ocr_par' dir='ltr' id='par_1_2' title="bbox 202 239 1879 468">
     <span class='ocr_line' id='line_1_2' title="bbox 203 239 1878 306; baseline -0.001 -16"><span class='ocrx_word' id='word_1_4' title='bbox 203 251 306 290; x_wconf 89' lang='lat' dir='ltr'>tam</span> <span class='ocrx_word' id='word_1_5' title='bbox 343 245 498 291; x_wconf 90' lang='lat' dir='ltr'>multa</span> <span class='ocrx_word' id='word_1_6' title='bbox 532 242 584 290; x_wconf 94' lang='lat' dir='ltr'>in</span> <span class='ocrx_word' id='word_1_7' title='bbox 621 241 761 291; x_wconf 90' lang='lat' dir='ltr'>tectis</span> <span class='ocrx_word' id='word_1_8' title='bbox 799 241 1043 306; x_wconf 84' lang='lat' dir='ltr'>crepitans</span> <span class='ocrx_word' id='word_1_9' title='bbox 1080 239 1189 290; x_wconf 91' lang='lat' dir='ltr'>salit</span> <span class='ocrx_word' id='word_1_10' title='bbox 1224 239 1424 290; x_wconf 90' lang='lat' dir='ltr'>horrida</span> <span class='ocrx_word' id='word_1_11' title='bbox 1457 241 1659 304; x_wconf 84' lang='lat' dir='ltr'>grando.</span> <span class='ocrx_word' id='word_1_12' title='bbox 1876 303 1878 306; x_wconf 12' lang='lat' dir='ltr'>y</span> 
     </span>
     <span class='ocr_line' id='line_1_3' title="bbox 203 321 1879 385; baseline -0.002 -13"><span class='ocrx_word' id='word_1_13' title='bbox 203 325 301 372; x_wconf 91' lang='lat' dir='ltr'>hoc</span> <span class='ocrx_word' id='word_1_14' title='bbox 338 323 500 384; x_wconf 88' lang='lat' dir='ltr'>etiarn,</span> <span class='ocrx_word' id='word_1_15' title='bbox 541 341 745 373; x_wconf 91' lang='lat' dir='ltr'>emenso</span> <span class='ocrx_word' id='word_1_16' title='bbox 782 341 897 372; x_wconf 89' lang='lat' dir='ltr'>cum</span> <span class='ocrx_word' id='word_1_17' title='bbox 933 323 1032 372; x_wconf 92' lang='lat' dir='ltr'>iam</span> <span class='ocrx_word' id='word_1_18' title='bbox 1070 321 1268 372; x_wconf 84' lang='lat' dir='ltr'>decedit</span> <span class='ocrx_word' id='word_1_19' title='bbox 1306 323 1535 385; x_wconf 90' lang='lat' dir='ltr'>Olympo,</span> <span class='ocrx_word' id='word_1_20' title='bbox 1722 355 1726 358; x_wconf 89' lang='lat'><em>-</em></span> <span class='ocrx_word' id='word_1_21' title='bbox 1795 341 1879 381; x_wconf 86' lang='lat'>450</span> 
     </span>
     <span class='ocr_line' id='line_1_4' title="bbox 202 402 1593 468; baseline -0.001 -16"><span class='ocrx_word' id='word_1_22' title='bbox 202 404 438 468; x_wconf 85' lang='lat' dir='ltr'>profuerit</span> <span class='ocrx_word' id='word_1_23' title='bbox 475 404 761 454; x_wconf 83' lang='lat' dir='ltr'><strong>meminisse</strong></span> <span class='ocrx_word' id='word_1_24' title='bbox 797 404 952 467; x_wconf 91' lang='lat' dir='ltr'>magis</span> <span class='ocrx_word' id='word_1_25' title='bbox 969 423 983 466; x_wconf 78' lang='lat'><em>3</em></span> <span class='ocrx_word' id='word_1_26' title='bbox 1030 421 1147 453; x_wconf 90' lang='lat' dir='ltr'>nam</span> <span class='ocrx_word' id='word_1_27' title='bbox 1184 420 1331 467; x_wconf 82' lang='lat' dir='ltr'>saepe</span> <span class='ocrx_word' id='word_1_28' title='bbox 1367 402 1593 452; x_wconf 91' lang='lat' dir='ltr'>videmus</span> 
     </span>
    </p>

    <p class='ocr_par' dir='ltr' id='par_1_3' title="bbox 203 484 1253 549">
     <span class='ocr_line' id='line_1_5' title="bbox 203 484 1253 549; baseline 0 -16"><span class='ocrx_word' id='word_1_29' title='bbox 203 484 355 549; x_wconf 90' lang='lat' dir='ltr'>ipsius</span> <span class='ocrx_word' id='word_1_30' title='bbox 392 485 443 533; x_wconf 91' lang='lat' dir='ltr'>in</span> <span class='ocrx_word' id='word_1_31' title='bbox 479 488 617 535; x_wconf 90' lang='lat' dir='ltr'>vultu</span> <span class='ocrx_word' id='word_1_32' title='bbox 653 486 811 535; x_wconf 91' lang='lat' dir='ltr'>varios</span> <span class='ocrx_word' id='word_1_33' title='bbox 849 502 1006 534; x_wconf 88' lang='lat' dir='ltr'>errare</span> <span class='ocrx_word' id='word_1_34' title='bbox 1031 487 1253 534; x_wconf 91' lang='lat' dir='ltr'>colores:</span> 
     </span>
    </p>

    <p class='ocr_par' dir='ltr' id='par_1_4' title="bbox 202 566 1464 630">
     <span class='ocr_line' id='line_1_6' title="bbox 202 566 1464 630; baseline 0 -16"><span class='ocrx_word' id='word_1_35' title='bbox 202 569 456 615; x_wconf 91' lang='lat' dir='ltr'>caeruleus</span> <span class='ocrx_word' id='word_1_36' title='bbox 492 567 711 630; x_wconf 81' lang='lat' dir='ltr'>pluviam</span> <span class='ocrx_word' id='word_1_37' title='bbox 749 566 1022 627; x_wconf 87' lang='lat' dir='ltr'>denuntiat,</span> <span class='ocrx_word' id='word_1_38' title='bbox 1062 567 1235 629; x_wconf 91' lang='lat' dir='ltr'>igneus</span> <span class='ocrx_word' id='word_1_39' title='bbox 1273 569 1433 614; x_wconf 86' lang='lat' dir='ltr'>Euros</span> <span class='ocrx_word' id='word_1_40' title='bbox 1450 584 1464 626; x_wconf 79' lang='lat'><em>3</em></span> 
     </span>
    </p>

    <p class='ocr_par' dir='ltr' id='par_1_5' title="bbox 202 646 1499 712">
     <span class='ocr_line' id='line_1_7' title="bbox 202 646 1499 712; baseline 0 -18"><span class='ocrx_word' id='word_1_41' title='bbox 202 647 278 695; x_wconf 91' lang='lat' dir='ltr'>sin</span> <span class='ocrx_word' id='word_1_42' title='bbox 316 651 538 697; x_wconf 90' lang='lat' dir='ltr'>maculae</span> <span class='ocrx_word' id='word_1_43' title='bbox 575 648 814 712; x_wconf 87' lang='lat' dir='ltr'>incipient</span> <span class='ocrx_word' id='word_1_44' title='bbox 850 648 995 697; x_wconf 92' lang='lat' dir='ltr'>rutilo</span> <span class='ocrx_word' id='word_1_45' title='bbox 1032 647 1350 696; x_wconf 88' lang='lat' dir='ltr'>immiscerier</span> <span class='ocrx_word' id='word_1_46' title='bbox 1386 646 1499 710; x_wconf 86' lang='lat' dir='ltr'>igni,</span> 
     </span>
    </p>

    <p class='ocr_par' dir='ltr' id='par_1_6' title="bbox 199 727 1876 875">
     <span class='ocr_line' id='line_1_8' title="bbox 202 727 1876 793; baseline -0.001 -16"><span class='ocrx_word' id='word_1_47' title='bbox 202 729 371 778; x_wconf 90' lang='lat' dir='ltr'>omnia</span> <span class='ocrx_word' id='word_1_48' title='bbox 406 739 512 779; x_wconf 87' lang='lat' dir='ltr'>tum</span> <span class='ocrx_word' id='word_1_49' title='bbox 549 730 728 793; x_wconf 91' lang='lat' dir='ltr'>pariter</span> <span class='ocrx_word' id='word_1_50' title='bbox 762 739 911 779; x_wconf 89' lang='lat' dir='ltr'>vento</span> <span class='ocrx_word' id='word_1_51' title='bbox 950 729 1232 793; x_wconf 89' lang='lat' dir='ltr'>nimbisque</span> <span class='ocrx_word' id='word_1_52' title='bbox 1268 727 1459 793; x_wconf 89' lang='lat' dir='ltr'>videbis</span> <span class='ocrx_word' id='word_1_53' title='bbox 1795 747 1876 789; x_wconf 84' lang='lat'>455</span> 
     </span>
     <span class='ocr_line' id='line_1_9' title="bbox 199 811 1605 875; baseline -0.001 -16"><span class='ocrx_word' id='word_1_54' title='bbox 199 813 397 861; x_wconf 89' lang='lat' dir='ltr'>fervere.</span> <span class='ocrx_word' id='word_1_55' title='bbox 472 829 575 861; x_wconf 93' lang='lat' dir='ltr'>non</span> <span class='ocrx_word' id='word_1_56' title='bbox 611 812 693 861; x_wconf 91' lang='lat' dir='ltr'>illa</span> <span class='ocrx_word' id='word_1_57' title='bbox 729 812 992 875; x_wconf 91' lang='lat' dir='ltr'>quisquam</span> <span class='ocrx_word' id='word_1_58' title='bbox 1030 828 1110 860; x_wconf 90' lang='lat' dir='ltr'>me</span> <span class='ocrx_word' id='word_1_59' title='bbox 1146 820 1293 860; x_wconf 91' lang='lat' dir='ltr'>nocte</span> <span class='ocrx_word' id='word_1_60' title='bbox 1328 827 1416 874; x_wconf 91' lang='lat' dir='ltr'>per</span> <span class='ocrx_word' id='word_1_61' title='bbox 1449 811 1605 859; x_wconf 89' lang='lat' dir='ltr'>altum</span> 
     </span>
    </p>

    <p class='ocr_par' dir='ltr' id='par_1_7' title="bbox 200 892 1502 957">
     <span class='ocr_line' id='line_1_10' title="bbox 200 892 1502 957; baseline -0.003 -15"><span class='ocrx_word' id='word_1_62' title='bbox 200 892 269 942; x_wconf 93' lang='lat' dir='ltr'>ire</span> <span class='ocrx_word' id='word_1_63' title='bbox 306 910 470 957; x_wconf 92' lang='lat' dir='ltr'>neque</span> <span class='ocrx_word' id='word_1_64' title='bbox 505 894 570 942; x_wconf 92' lang='lat' dir='ltr'>ab</span> <span class='ocrx_word' id='word_1_65' title='bbox 606 902 732 942; x_wconf 90' lang='lat' dir='ltr'>terra</span> <span class='ocrx_word' id='word_1_66' title='bbox 767 901 974 941; x_wconf 86' lang='lat' dir='ltr'>moneat</span> <span class='ocrx_word' id='word_1_67' title='bbox 1007 893 1284 941; x_wconf 87' lang='lat' dir='ltr'>convellere</span> <span class='ocrx_word' id='word_1_68' title='bbox 1319 892 1502 939; x_wconf 85' lang='lat' dir='ltr'>funem.</span> 
     </span>
    </p>

    <p class='ocr_par' dir='ltr' id='par_1_8' title="bbox 198 974 1554 1038">
     <span class='ocr_line' id='line_1_11' title="bbox 198 974 1554 1038; baseline -0.003 -15"><span class='ocrx_word' id='word_1_69' title='bbox 198 985 248 1023; x_wconf 92' lang='lat' dir='ltr'>at</span> <span class='ocrx_word' id='word_1_70' title='bbox 286 975 338 1035; x_wconf 92' lang='lat' dir='ltr'>si,</span> <span class='ocrx_word' id='word_1_71' title='bbox 380 993 495 1024; x_wconf 87' lang='lat' dir='ltr'>cum</span> <span class='ocrx_word' id='word_1_72' title='bbox 532 977 806 1038; x_wconf 90' lang='lat' dir='ltr'>referetque</span> <span class='ocrx_word' id='word_1_73' title='bbox 842 974 977 1024; x_wconf 90' lang='lat' dir='ltr'>diem</span> <span class='ocrx_word' id='word_1_74' title='bbox 1015 975 1298 1036; x_wconf 89' lang='lat' dir='ltr'>condetque</span> <span class='ocrx_word' id='word_1_75' title='bbox 1334 974 1554 1033; x_wconf 85' lang='lat' dir='ltr'>relatum,</span> 
     </span>
    </p>

    <p class='ocr_par' dir='ltr' id='par_1_9' title="bbox 200 1053 1416 1117">
     <span class='ocr_line' id='line_1_12' title="bbox 200 1053 1416 1117; baseline -0.002 -12"><span class='ocrx_word' id='word_1_76' title='bbox 200 1056 394 1106; x_wconf 93' lang='lat' dir='ltr'>lucidus</span> <span class='ocrx_word' id='word_1_77' title='bbox 432 1057 564 1106; x_wconf 90' lang='lat' dir='ltr'>orbis</span> <span class='ocrx_word' id='word_1_78' title='bbox 601 1057 703 1117; x_wconf 92' lang='lat' dir='ltr'>erit,</span> <span class='ocrx_word' id='word_1_79' title='bbox 742 1059 918 1106; x_wconf 90' lang='lat' dir='ltr'>frustra</span> <span class='ocrx_word' id='word_1_80' title='bbox 953 1056 1197 1105; x_wconf 91' lang='lat' dir='ltr'>terrebere</span> <span class='ocrx_word' id='word_1_81' title='bbox 1233 1053 1416 1103; x_wconf 90' lang='lat' dir='ltr'>nimbis</span> 
     </span>
    </p>

    <p class='ocr_par' dir='ltr' id='par_1_10' title="bbox 199 1135 1877 1284">
     <span class='ocr_line' id='line_1_13' title="bbox 199 1135 1877 1201; baseline -0.002 -15"><span class='ocrx_word' id='word_1_82' title='bbox 199 1147 248 1186; x_wconf 91' lang='lat' dir='ltr'>et</span> <span class='ocrx_word' id='word_1_83' title='bbox 285 1140 416 1187; x_wconf 91' lang='lat' dir='ltr'>claro</span> <span class='ocrx_word' id='word_1_84' title='bbox 454 1138 597 1188; x_wconf 90' lang='lat' dir='ltr'>silvas</span> <span class='ocrx_word' id='word_1_85' title='bbox 635 1155 806 1187; x_wconf 89' lang='lat' dir='ltr'>cernes</span> <span class='ocrx_word' id='word_1_86' title='bbox 842 1137 1094 1201; x_wconf 87' lang='lat' dir='ltr'>Aquilone</span> <span class='ocrx_word' id='word_1_87' title='bbox 1132 1135 1330 1186; x_wconf 90' lang='lat' dir='ltr'>moveri.</span> <span class='ocrx_word' id='word_1_88' title='bbox 1793 1142 1877 1195; x_wconf 88' lang='lat'>460</span> 
     </span>
     <span class='ocr_line' id='line_1_14' title="bbox 199 1219 1576 1284; baseline -0.001 -17"><span class='ocrx_word' id='word_1_89' title='bbox 199 1219 429 1283; x_wconf 87' lang='lat' dir='ltr'>denique,</span> <span class='ocrx_word' id='word_1_90' title='bbox 471 1221 592 1284; x_wconf 89' lang='lat' dir='ltr'>quid</span> <span class='ocrx_word' id='word_1_91' title='bbox 628 1238 802 1284; x_wconf 91' lang='lat' dir='ltr'>vesper</span> <span class='ocrx_word' id='word_1_92' title='bbox 838 1236 972 1268; x_wconf 90' lang='lat' dir='ltr'>serus</span> <span class='ocrx_word' id='word_1_93' title='bbox 1009 1221 1170 1279; x_wconf 90' lang='lat' dir='ltr'>vehat,</span> <span class='ocrx_word' id='word_1_94' title='bbox 1209 1220 1343 1267; x_wconf 91' lang='lat' dir='ltr'>unde</span> <span class='ocrx_word' id='word_1_95' title='bbox 1381 1234 1576 1266; x_wconf 88' lang='lat' dir='ltr'>serenas</span> 
     </span>
    </p>

    <p class='ocr_par' dir='ltr' id='par_1_11' title="bbox 198 1299 1578 1366">
     <span class='ocr_line' id='line_1_15' title="bbox 198 1299 1578 1366; baseline -0.001 -17"><span class='ocrx_word' id='word_1_96' title='bbox 198 1310 374 1350; x_wconf 89' lang='lat' dir='ltr'>ventus</span> <span class='ocrx_word' id='word_1_97' title='bbox 410 1312 521 1366; x_wconf 91' lang='lat' dir='ltr'>agat</span> <span class='ocrx_word' id='word_1_98' title='bbox 558 1303 731 1363; x_wconf 85' lang='lat' dir='ltr'>nubes,</span> <span class='ocrx_word' id='word_1_99' title='bbox 771 1301 893 1365; x_wconf 88' lang='lat' dir='ltr'>quid</span> <span class='ocrx_word' id='word_1_100' title='bbox 929 1300 1111 1364; x_wconf 86' lang='lat' dir='ltr'>cogitet</span> <span class='ocrx_word' id='word_1_101' title='bbox 1148 1299 1347 1348; x_wconf 91' lang='lat' dir='ltr'>umidus</span> <span class='ocrx_word' id='word_1_102' title='bbox 1384 1302 1578 1359; x_wconf 90' lang='lat' dir='ltr'>Auster,</span> 
     </span>
    </p>

    <p class='ocr_par' dir='ltr' id='par_1_12' title="bbox 198 1381 1553 1448">
     <span class='ocr_line' id='line_1_16' title="bbox 198 1381 1553 1448; baseline -0.001 -17"><span class='ocrx_word' id='word_1_103' title='bbox 198 1385 273 1432; x_wconf 93' lang='lat' dir='ltr'>sol</span> <span class='ocrx_word' id='word_1_104' title='bbox 309 1383 399 1432; x_wconf 92' lang='lat' dir='ltr'>tibi</span> <span class='ocrx_word' id='word_1_105' title='bbox 436 1384 574 1448; x_wconf 92' lang='lat' dir='ltr'>signa</span> <span class='ocrx_word' id='word_1_106' title='bbox 609 1384 760 1434; x_wconf 91' lang='lat' dir='ltr'>dabit.</span> <span class='ocrx_word' id='word_1_107' title='bbox 835 1385 992 1432; x_wconf 92' lang='lat' dir='ltr'>solem</span> <span class='ocrx_word' id='word_1_108' title='bbox 1029 1382 1138 1446; x_wconf 89' lang='lat' dir='ltr'>quis</span> <span class='ocrx_word' id='word_1_109' title='bbox 1176 1381 1339 1431; x_wconf 90' lang='lat' dir='ltr'>dicere</span> <span class='ocrx_word' id='word_1_110' title='bbox 1375 1383 1553 1430; x_wconf 90' lang='lat' dir='ltr'>falsum</span> 
     </span>
    </p>

    <p class='ocr_par' dir='ltr' id='par_1_13' title="bbox 196 1464 1438 1515">
     <span class='ocr_line' id='line_1_17' title="bbox 196 1464 1438 1515; baseline -0.001 -3"><span class='ocrx_word' id='word_1_111' title='bbox 196 1466 419 1513; x_wconf 82' lang='lat' dir='ltr'>audeat?</span> <span class='ocrx_word' id='word_1_112' title='bbox 466 1465 546 1515; x_wconf 92' lang='lat' dir='ltr'>ille</span> <span class='ocrx_word' id='word_1_113' title='bbox 583 1465 732 1514; x_wconf 93' lang='lat' dir='ltr'>etiam</span> <span class='ocrx_word' id='word_1_114' title='bbox 769 1482 945 1514; x_wconf 90' lang='lat' dir='ltr'>caecos</span> <span class='ocrx_word' id='word_1_115' title='bbox 981 1464 1162 1513; x_wconf 91' lang='lat' dir='ltr'>instare</span> <span class='ocrx_word' id='word_1_116' title='bbox 1199 1464 1438 1512; x_wconf 92' lang='lat' dir='ltr'>tumultus</span> 
     </span>
    </p>

    <p class='ocr_par' dir='ltr' id='par_1_14' title="bbox 197 1545 1873 1686">
     <span class='ocr_line' id='line_1_18' title="bbox 199 1545 1873 1611; baseline -0.002 -16"><span class='ocrx_word' id='word_1_117' title='bbox 199 1563 346 1610; x_wconf 87' lang='lat' dir='ltr'>saepe</span> <span class='ocrx_word' id='word_1_118' title='bbox 383 1557 554 1597; x_wconf 91' lang='lat' dir='ltr'>monet</span> <span class='ocrx_word' id='word_1_119' title='bbox 590 1549 915 1611; x_wconf 89' lang='lat' dir='ltr'>fraudemque</span> <span class='ocrx_word' id='word_1_120' title='bbox 952 1555 1000 1595; x_wconf 93' lang='lat' dir='ltr'>et</span> <span class='ocrx_word' id='word_1_121' title='bbox 1037 1555 1208 1610; x_wconf 92' lang='lat' dir='ltr'>operta</span> <span class='ocrx_word' id='word_1_122' title='bbox 1244 1554 1518 1594; x_wconf 87' lang='lat' dir='ltr'>tumescere</span> <span class='ocrx_word' id='word_1_123' title='bbox 1553 1545 1696 1593; x_wconf 91' lang='lat' dir='ltr'>bella.</span> <span class='ocrx_word' id='word_1_124' title='bbox 1792 1552 1873 1605; x_wconf 88' lang='lat'>465</span> 
     </span>
     <span class='ocr_line' id='line_1_19' title="bbox 197 1628 1554 1686; baseline -0.001 -10"><span class='ocrx_word' id='word_1_125' title='bbox 197 1628 278 1677; x_wconf 93' lang='lat' dir='ltr'>ille</span> <span class='ocrx_word' id='word_1_126' title='bbox 316 1629 464 1678; x_wconf 91' lang='lat' dir='ltr'>etiam</span> <span class='ocrx_word' id='word_1_127' title='bbox 501 1629 742 1678; x_wconf 87' lang='lat' dir='ltr'>exstincto</span> <span class='ocrx_word' id='word_1_128' title='bbox 780 1628 1038 1677; x_wconf 92' lang='lat' dir='ltr'>miseratus</span> <span class='ocrx_word' id='word_1_129' title='bbox 1076 1630 1287 1678; x_wconf 89' lang='lat' dir='ltr'>Caesare</span> <span class='ocrx_word' id='word_1_130' title='bbox 1326 1629 1554 1686; x_wconf 90' lang='lat' dir='ltr'>Romam,</span> 
     </span>
    </p>

    <p class='ocr_par' dir='ltr' id='par_1_15' title="bbox 198 1708 1432 1774">
     <span class='ocr_line' id='line_1_20' title="bbox 198 1708 1432 1774; baseline -0.002 -16"><span class='ocrx_word' id='word_1_131' title='bbox 198 1726 315 1758; x_wconf 91' lang='lat' dir='ltr'>cum</span> <span class='ocrx_word' id='word_1_132' title='bbox 353 1721 500 1774; x_wconf 92' lang='lat' dir='ltr'>caput</span> <span class='ocrx_word' id='word_1_133' title='bbox 537 1712 747 1761; x_wconf 90' lang='lat' dir='ltr'>obscura</span> <span class='ocrx_word' id='word_1_134' title='bbox 783 1710 998 1759; x_wconf 92' lang='lat' dir='ltr'>nitidum</span> <span class='ocrx_word' id='word_1_135' title='bbox 1034 1709 1277 1773; x_wconf 92' lang='lat' dir='ltr'>ferrugine</span> <span class='ocrx_word' id='word_1_136' title='bbox 1314 1708 1432 1757; x_wconf 88' lang='lat' dir='ltr'>texit</span> 
     </span>
    </p>

    <p class='ocr_par' dir='ltr' id='par_1_16' title="bbox 199 1790 1530 1854">
     <span class='ocr_line' id='line_1_21' title="bbox 199 1790 1530 1854; baseline 0 -16"><span class='ocrx_word' id='word_1_137' title='bbox 199 1790 452 1854; x_wconf 90' lang='lat' dir='ltr'>impiaque</span> <span class='ocrx_word' id='word_1_138' title='bbox 488 1801 739 1841; x_wconf 88' lang='lat' dir='ltr'>aeternam</span> <span class='ocrx_word' id='word_1_139' title='bbox 777 1791 1048 1839; x_wconf 92' lang='lat' dir='ltr'>timuerunt</span> <span class='ocrx_word' id='word_1_140' title='bbox 1085 1792 1281 1840; x_wconf 88' lang='lat' dir='ltr'>saecula</span> <span class='ocrx_word' id='word_1_141' title='bbox 1317 1799 1530 1842; x_wconf 82' lang='lat' dir='ltr'>noctem.</span> 
     </span>
    </p>

    <p class='ocr_par' dir='ltr' id='par_1_17' title="bbox 195 1868 1874 2331">
     <span class='ocr_line' id='line_1_22' title="bbox 198 1868 1828 1938; baseline -0.002 -16"><span class='ocrx_word' id='word_1_142' title='bbox 198 1883 422 1938; x_wconf 92' lang='lat' dir='ltr'>tempore</span> <span class='ocrx_word' id='word_1_143' title='bbox 459 1890 763 1937; x_wconf 90' lang='lat' dir='ltr'>quamquam</span> <span class='ocrx_word' id='word_1_144' title='bbox 799 1872 884 1921; x_wconf 93' lang='lat' dir='ltr'>illo</span> <span class='ocrx_word' id='word_1_145' title='bbox 921 1874 1065 1921; x_wconf 90' lang='lat' dir='ltr'>tellus</span> <span class='ocrx_word' id='word_1_146' title='bbox 1103 1888 1304 1935; x_wconf 92' lang='lat' dir='ltr'>quoque</span> <span class='ocrx_word' id='word_1_147' title='bbox 1341 1880 1390 1919; x_wconf 92' lang='lat' dir='ltr'>et</span> <span class='ocrx_word' id='word_1_148' title='bbox 1425 1886 1641 1933; x_wconf 91' lang='lat' dir='ltr'>aequora</span> <span class='ocrx_word' id='word_1_149' title='bbox 1676 1868 1828 1933; x_wconf 90' lang='lat' dir='ltr'>ponti,</span> 
     </span>
     <span class='ocr_line' id='line_1_23' title="bbox 197 1954 1874 2019; baseline -0.004 -14"><span class='ocrx_word' id='word_1_150' title='bbox 197 1957 545 2019; x_wconf 89' lang='lat' dir='ltr'>obscenaeque</span> <span class='ocrx_word' id='word_1_151' title='bbox 582 1972 729 2004; x_wconf 90' lang='lat' dir='ltr'>canes</span> <span class='ocrx_word' id='word_1_152' title='bbox 765 1954 1180 2017; x_wconf 92' lang='lat' dir='ltr'>importunaeque</span> <span class='ocrx_word' id='word_1_153' title='bbox 1215 1954 1439 2001; x_wconf 91' lang='lat' dir='ltr'>volucres</span> <span class='ocrx_word' id='word_1_154' title='bbox 1792 1971 1874 2011; x_wconf 81' lang='lat'>470</span> 
     </span>
     <span class='ocr_line' id='line_1_24' title="bbox 197 2033 1725 2102; baseline -0.003 -15"><span class='ocrx_word' id='word_1_155' title='bbox 197 2038 336 2102; x_wconf 90' lang='lat' dir='ltr'>signa</span> <span class='ocrx_word' id='word_1_156' title='bbox 371 2039 570 2087; x_wconf 90' lang='lat' dir='ltr'>dabant.</span> <span class='ocrx_word' id='word_1_157' title='bbox 645 2035 876 2100; x_wconf 90' lang='lat' dir='ltr'>quotiens</span> <span class='ocrx_word' id='word_1_158' title='bbox 915 2037 1194 2098; x_wconf 82' lang='lat' dir='ltr'>Cyclopum</span> <span class='ocrx_word' id='word_1_159' title='bbox 1231 2036 1462 2083; x_wconf 89' lang='lat' dir='ltr'>effervere</span> <span class='ocrx_word' id='word_1_160' title='bbox 1497 2033 1548 2081; x_wconf 92' lang='lat' dir='ltr'>in</span> <span class='ocrx_word' id='word_1_161' title='bbox 1583 2049 1725 2097; x_wconf 89' lang='lat' dir='ltr'>agros</span> 
     </span>
     <span class='ocr_line' id='line_1_25' title="bbox 195 2116 1497 2180; baseline -0.002 -14"><span class='ocrx_word' id='word_1_162' title='bbox 195 2119 410 2168; x_wconf 88' lang='lat' dir='ltr'>vidimus</span> <span class='ocrx_word' id='word_1_163' title='bbox 447 2120 721 2167; x_wconf 91' lang='lat' dir='ltr'>undantem</span> <span class='ocrx_word' id='word_1_164' title='bbox 757 2116 912 2180; x_wconf 91' lang='lat' dir='ltr'>ruptis</span> <span class='ocrx_word' id='word_1_165' title='bbox 949 2116 1232 2165; x_wconf 88' lang='lat' dir='ltr'>fornacibus</span> <span class='ocrx_word' id='word_1_166' title='bbox 1269 2119 1497 2175; x_wconf 88' lang='lat' dir='ltr'>Aetnam,</span> 
     </span>
     <span class='ocr_line' id='line_1_26' title="bbox 196 2198 1634 2263; baseline -0.003 -14"><span class='ocrx_word' id='word_1_167' title='bbox 196 2203 607 2263; x_wconf 91' lang='lat' dir='ltr'>flammarumque</span> <span class='ocrx_word' id='word_1_168' title='bbox 642 2200 818 2263; x_wconf 86' lang='lat' dir='ltr'>globos</span> <span class='ocrx_word' id='word_1_169' title='bbox 855 2198 1220 2262; x_wconf 88' lang='lat' dir='ltr'>liquefactaque</span> <span class='ocrx_word' id='word_1_170' title='bbox 1257 2199 1451 2246; x_wconf 88' lang='lat' dir='ltr'>volvere</span> <span class='ocrx_word' id='word_1_171' title='bbox 1488 2199 1634 2245; x_wconf 83' lang='lat' dir='ltr'>saxa!</span> 
     </span>
     <span class='ocr_line' id='line_1_27' title="bbox 195 2278 1325 2331; baseline -0.004 0"><span class='ocrx_word' id='word_1_172' title='bbox 195 2299 445 2331; x_wconf 90' lang='lat' dir='ltr'>armorum</span> <span class='ocrx_word' id='word_1_173' title='bbox 482 2281 701 2330; x_wconf 91' lang='lat' dir='ltr'>sonitum</span> <span class='ocrx_word' id='word_1_174' title='bbox 738 2288 844 2328; x_wconf 92' lang='lat' dir='ltr'>toto</span> <span class='ocrx_word' id='word_1_175' title='bbox 883 2278 1152 2329; x_wconf 89' lang='lat' dir='ltr'>Germania</span> <span class='ocrx_word' id='word_1_176' title='bbox 1187 2280 1325 2327; x_wconf 92' lang='lat' dir='ltr'>caelo</span> 
     </span>
    </p>

    <p class='ocr_par' dir='ltr' id='par_1_18' title="bbox 194 2361 1870 2510">
     <span class='ocr_line' id='line_1_28' title="bbox 194 2361 1870 2424; baseline -0.005 -10"><span class='ocrx_word' id='word_1_177' title='bbox 194 2365 365 2424; x_wconf 88' lang='lat' dir='ltr'>audiit,</span> <span class='ocrx_word' id='word_1_178' title='bbox 405 2362 613 2412; x_wconf 91' lang='lat' dir='ltr'>insolitis</span> <span class='ocrx_word' id='word_1_179' title='bbox 650 2370 956 2411; x_wconf 90' lang='lat' dir='ltr'>tremuerunt</span> <span class='ocrx_word' id='word_1_180' title='bbox 993 2361 1212 2410; x_wconf 92' lang='lat' dir='ltr'>motibus</span> <span class='ocrx_word' id='word_1_181' title='bbox 1248 2362 1414 2424; x_wconf 89' lang='lat' dir='ltr'>Alpes.</span> <span class='ocrx_word' id='word_1_182' title='bbox 1790 2375 1870 2419; x_wconf 84' lang='lat'>475</span> 
     </span>
     <span class='ocr_line' id='line_1_29' title="bbox 195 2440 1498 2510; baseline -0.004 -15"><span class='ocrx_word' id='word_1_183' title='bbox 195 2464 290 2497; x_wconf 86' lang='lat' dir='ltr'>vox</span> <span class='ocrx_word' id='word_1_184' title='bbox 326 2463 527 2510; x_wconf 87' lang='lat' dir='ltr'>quoque</span> <span class='ocrx_word' id='word_1_185' title='bbox 563 2462 650 2509; x_wconf 93' lang='lat' dir='ltr'>per</span> <span class='ocrx_word' id='word_1_186' title='bbox 685 2447 823 2494; x_wconf 90' lang='lat' dir='ltr'>lucos</span> <span class='ocrx_word' id='word_1_187' title='bbox 861 2446 1008 2508; x_wconf 93' lang='lat' dir='ltr'>vulgo</span> <span class='ocrx_word' id='word_1_188' title='bbox 1046 2443 1276 2492; x_wconf 88' lang='lat' dir='ltr'>exaudita</span> <span class='ocrx_word' id='word_1_189' title='bbox 1311 2440 1498 2491; x_wconf 90' lang='lat' dir='ltr'>silentis</span> 
     </span>
    </p>

    <p class='ocr_par' dir='ltr' id='par_1_19' title="bbox 194 2524 1408 2593">
     <span class='ocr_line' id='line_1_30' title="bbox 194 2524 1408 2593; baseline -0.004 -15"><span class='ocrx_word' id='word_1_190' title='bbox 194 2530 380 2593; x_wconf 89' lang='lat' dir='ltr'>ingens,</span> <span class='ocrx_word' id='word_1_191' title='bbox 421 2538 470 2577; x_wconf 91' lang='lat' dir='ltr'>et</span> <span class='ocrx_word' id='word_1_192' title='bbox 506 2528 767 2577; x_wconf 90' lang='lat' dir='ltr'>simulacra</span> <span class='ocrx_word' id='word_1_193' title='bbox 803 2526 967 2576; x_wconf 92' lang='lat' dir='ltr'>modis</span> <span class='ocrx_word' id='word_1_194' title='bbox 1004 2525 1237 2590; x_wconf 89' lang='lat' dir='ltr'>pallentia</span> <span class='ocrx_word' id='word_1_195' title='bbox 1274 2524 1408 2573; x_wconf 91' lang='lat' dir='ltr'>miris</span> 
     </span>
    </p>

    <p class='ocr_par' dir='ltr' id='par_1_20' title="bbox 193 2608 1532 2670">
     <span class='ocr_line' id='line_1_31' title="bbox 193 2608 1532 2670; baseline -0.005 -10"><span class='ocrx_word' id='word_1_196' title='bbox 193 2611 297 2660; x_wconf 92' lang='lat' dir='ltr'>visa</span> <span class='ocrx_word' id='word_1_197' title='bbox 333 2612 425 2660; x_wconf 90' lang='lat' dir='ltr'>sub</span> <span class='ocrx_word' id='word_1_198' title='bbox 462 2611 730 2659; x_wconf 90' lang='lat' dir='ltr'>obscurum</span> <span class='ocrx_word' id='word_1_199' title='bbox 767 2608 942 2668; x_wconf 92' lang='lat' dir='ltr'>noctis,</span> <span class='ocrx_word' id='word_1_200' title='bbox 981 2609 1301 2670; x_wconf 91' lang='lat' dir='ltr'>pecudesque</span> <span class='ocrx_word' id='word_1_201' title='bbox 1337 2608 1532 2654; x_wconf 89' lang='lat' dir='ltr'>locutae</span> 
     </span>
    </p>

    <p class='ocr_par' dir='ltr' id='par_1_21' title="bbox 196 2685 1607 2758">
     <span class='ocr_line' id='line_1_32' title="bbox 196 2685 1607 2758; baseline -0.007 -16"><span class='ocrx_word' id='word_1_202' title='bbox 196 2693 477 2758; x_wconf 91' lang='lat' dir='ltr'>(infandum</span> <span class='ocrx_word' id='word_1_203' title='bbox 502 2691 532 2757; x_wconf 78' lang='lat' dir='ltr'>l)</span> <span class='ocrx_word' id='word_1_204' title='bbox 552 2710 564 2753; x_wconf 85' lang='lat'>;</span> <span class='ocrx_word' id='word_1_205' title='bbox 614 2691 792 2740; x_wconf 91' lang='lat' dir='ltr'>sistunt</span> <span class='ocrx_word' id='word_1_206' title='bbox 828 2706 1000 2738; x_wconf 88' lang='lat' dir='ltr'>amnes</span> <span class='ocrx_word' id='word_1_207' title='bbox 1038 2698 1293 2750; x_wconf 91' lang='lat' dir='ltr'>terraeque</span> <span class='ocrx_word' id='word_1_208' title='bbox 1329 2685 1607 2744; x_wconf 91' lang='lat' dir='ltr'>dehiscunt,</span> 
     </span>
    </p>
   </div>
   <div class='ocr_carea' id='block_1_3' title="bbox 194 2810 1869 2978">
    <p class='ocr_par' dir='ltr' id='par_1_22' title="bbox 194 2810 1869 2978">
     <span class='ocr_line' id='line_1_33' title="bbox 249 2810 1869 2873; baseline -0.004 -11"><span class='ocrx_word' id='word_1_209' title='bbox 249 2836 439 2873; x_wconf 88' lang='lat'>449-479</span> <span class='ocrx_word' id='word_1_210' title='bbox 468 2821 561 2861; x_wconf 89' lang='lat' dir='ltr'>MR</span> <span class='ocrx_word' id='word_1_211' title='bbox 794 2831 875 2869; x_wconf 86' lang='lat'>450</span> <span class='ocrx_word' id='word_1_212' title='bbox 905 2819 1086 2858; x_wconf 86' lang='lat' dir='ltr'>decedet</span> <span class='ocrx_word' id='word_1_213' title='bbox 1120 2817 1194 2868; x_wconf 66' lang='lat' dir='ltr'>*ybc</span> <span class='ocrx_word' id='word_1_214' title='bbox 1369 2828 1449 2866; x_wconf 87' lang='lat'>454</span> <span class='ocrx_word' id='word_1_215' title='bbox 1480 2814 1692 2865; x_wconf 78' lang='lat' dir='ltr'>incipiunt</span> <span class='ocrx_word' id='word_1_216' title='bbox 1725 2810 1869 2864; x_wconf 71' lang='lat' dir='ltr'>M¹R7</span> 
     </span>
     <span class='ocr_line' id='line_1_34' title="bbox 194 2867 1867 2928; baseline -0.007 -11"><span class='ocrx_word' id='word_1_217' title='bbox 194 2891 272 2928; x_wconf 90' lang='lat'>457</span> <span class='ocrx_word' id='word_1_218' title='bbox 305 2882 472 2916; x_wconf 89' lang='lat' dir='ltr'>moveat</span> <span class='ocrx_word' id='word_1_219' title='bbox 492 2877 545 2914; x_wconf 90' lang='lat' dir='ltr'><em>M</em></span> <span class='ocrx_word' id='word_1_220' title='bbox 548 2876 561 2898; x_wconf 86' lang='lat'><strong>¹</strong></span> <span class='ocrx_word' id='word_1_221' title='bbox 583 2875 753 2914; x_wconf 83' lang='lat' dir='ltr'>Ribbeck</span> <span class='ocrx_word' id='word_1_222' title='bbox 770 2875 936 2914; x_wconf 82' lang='lat' dir='ltr'>editores</span> <span class='ocrx_word' id='word_1_223' title='bbox 945 2874 1131 2925; x_wconf 80' lang='lat' dir='ltr'>plerique.</span> <span class='ocrx_word' id='word_1_224' title='bbox 1313 2873 1390 2919; x_wconf 88' lang='lat'>461</span> <span class='ocrx_word' id='word_1_225' title='bbox 1423 2871 1552 2910; x_wconf 87' lang='lat' dir='ltr'>vehat</span> <span class='ocrx_word' id='word_1_226' title='bbox 1578 2867 1644 2908; x_wconf 85' lang='lat' dir='ltr'>bc:</span> <span class='ocrx_word' id='word_1_227' title='bbox 1675 2872 1867 2919; x_wconf 57' lang='lat' dir='ltr'>veatqn:</span> 
     </span>
     <span class='ocr_line' id='line_1_35' title="bbox 194 2922 1867 2978; baseline -0.005 -7"><span class='ocrx_word' id='word_1_228' title='bbox 194 2933 303 2971; x_wconf 82' lang='lat' dir='ltr'>serat</span> <span class='ocrx_word' id='word_1_229' title='bbox 323 2931 434 2970; x_wconf 84' lang='lat' dir='ltr'>M1R</span> <span class='ocrx_word' id='word_1_230' title='bbox 453 2945 462 2969; x_wconf 89' lang='lat'>:</span> <span class='ocrx_word' id='word_1_231' title='bbox 492 2936 612 2969; x_wconf 88' lang='lat' dir='ltr'>verat</span> <span class='ocrx_word' id='word_1_232' title='bbox 633 2929 687 2967; x_wconf 92' lang='lat' dir='ltr'><em>M</em></span> <span class='ocrx_word' id='word_1_233' title='bbox 689 2931 703 2953; x_wconf 81' lang='lat'>²</span> <span class='ocrx_word' id='word_1_234' title='bbox 890 2941 971 2978; x_wconf 90' lang='lat'>470</span> <span class='ocrx_word' id='word_1_235' title='bbox 1000 2926 1258 2976; x_wconf 86' lang='lat' dir='ltr'>obscenique</span> <span class='ocrx_word' id='word_1_236' title='bbox 1279 2924 1424 2976; x_wconf 74' lang='lat' dir='ltr'>R7bcrr</span> <span class='ocrx_word' id='word_1_237' title='bbox 1608 2932 1702 2972; x_wconf 76' lang='lat'><strong>475-</strong></span> <span class='ocrx_word' id='word_1_238' title='bbox 1716 2922 1867 2963; x_wconf 82' lang='lat' dir='ltr'>monti.-</span> 
     </span>
    </p>
   </div>
   <div class='ocr_carea' id='block_1_4' title="bbox 192 2986 431 3026">
    <p class='ocr_par' dir='ltr' id='par_1_23' title="bbox 192 2986 431 3026">
     <span class='ocr_line' id='line_1_36' title="bbox 192 2986 431 3026; baseline -0.008 0"><span class='ocrx_word' id='word_1_239' title='bbox 192 2988 271 3026; x_wconf 90' lang='lat' dir='ltr'>bus</span> <span class='ocrx_word' id='word_1_240' title='bbox 293 2986 431 3025; x_wconf 82' lang='lat' dir='ltr'><em>M1R2</em></span> 
     </span>
    </p>
   </div>
  </div>
 </body>
</html>
