2046 3380
1273 165 1695 216 GEORGICON
1738 166 1821 213 III

155 321 260 360 tum
296 313 446 374 longo
483 311 646 359 nullus
663 298 820 357 ‘lateri
856 310 1066 358 modus:
1115 307 1284 356 omnia
1319 324 1511 371 magna,

154 409 241 456 pes
277 391 459 453 etiam3
507 400 555 440 et
591 389 801 439 camuris
837 389 993 438 hirtae
1030 389 1122 438 sub
1160 389 1392 438 cornibus
1428 406 1582 438 aures.
1772 411 1820 451 55

154 490 247 522 nec
284 472 404 521 mihi
441 471 699 535 displiceat
736 470 941 520 maculis
979 469 1183 534 insignis
1219 479 1269 518 et
1304 470 1435 530 albo,

153 564 238 603 aut
273 554 386 618 iuga
422 555 700 603 detrectans
736 552 1086 615 interdumque
1121 568 1294 614 aspera
1329 568 1483 600 cornu

154 646 202 684 et
239 635 416 684 faciem
453 644 592 683 tauro
628 634 841 697 propior,
882 649 1109 696 quaeque
1145 635 1298 682 ardua
1333 642 1438 682 tota

154 726 203 766 et
238 717 465 780 gradiens
502 716 602 764 ima
637 715 781 764 verrit
817 713 1021 778 vestigia
1056 715 1227 762 cauda.

153 808 287 847 aetas
326 797 567 847 Lucinam
606 797 862 859 iustosque
898 795 1000 859 pati
1036 797 1338 858 hymenaeos
1771 804 1826 845 60

154 880 334 929 desinit
370 889 485 928 ante
523 880 712 937 decem,
753 887 866 940 post
903 886 1135 940 quattuor
1170 877 1343 940 incipit
1378 893 1571 938 annos3

154 958 315 1010 cetera
350 978 448 1009 nec
485 962 670 1008 feturae
707 958 884 1007 habilis
920 975 1014 1007 nec
1049 957 1185 1007 fortis
1221 958 1401 1007 aratris.

154 1042 351 1101 interea,
392 1051 588 1105 superat
624 1040 851 1104 gregibus
890 1041 1011 1089 dum
1047 1041 1175 1088 laeta
1210 1038 1448 1099 iuventas,

154 1125 289 1172 solve
326 1139 516 1183 mares3
566 1122 705 1170 mitte
741 1121 792 1169 in
828 1124 1076 1169 Venerem
1114 1120 1343 1183 pecuaria
1377 1120 1578 1183 primuS‚

154 1214 303 1267 atque
338 1203 485 1252 aliam
522 1220 581 1252 ex
616 1202 711 1251 alia
747 1203 1032 1266 generando
1069 1202 1238 1250 suffice
1279 1203 1483 1264 prolem.
1774 1208 1825 1260 65

155 1285 342 1348 optima
379 1301 605 1347 quaeque
643 1283 750 1332 dies
789 1282 978 1331 miseris
1018 1281 1308 1330 mortalibus
1344 1282 1451 1331 aevi

154 1366 311 1429 prima
346 1366 499 1429 fugit:
539 1366 754 1414 subeunt
793 1363 954 1413 morbi
993 1363 1241 1426 tristisque
1277 1373 1505 1412 senectus

155 1457 203 1496 et
238 1448 390 1507 labor,
430 1456 478 1496 et
516 1448 667 1496 durae
706 1445 832 1509 rapit
871 1445 1188 1494 inclementia
1224 1445 1407 1493 mortis.

155 1546 349 1592 semper
384 1537 526 1577 erunt
566 1544 774 1590 quarum
815 1525 993 1574 mutari
1031 1542 1236 1588 corpora
1272 1525 1441 1574 malis:

155 1626 349 1672 semper
384 1609 517 1658 enim
555 1610 701 1657 refice
739 1624 811 1667 ac,
854 1624 917 1656 ne
955 1616 1069 1670 post
1106 1606 1287 1655 amissa
1322 1605 1552 1669 requiras,
1779 1624 1830 1666 70

154 1700 270 1739 ante
305 1690 418 1739 veni
453 1699 502 1738 et
539 1689 766 1737 subolem
804 1697 1029 1736 armento
1067 1687 1238 1736 sortire
1274 1687 1552 1750 quotannis.

224 1774 333 1821 Nec
370 1788 471 1819 non
508 1779 557 1818 et
592 1768 760 1832 pecori
797 1778 871 1817 est
908 1768 1042 1818 idem
1079 1768 1288 1817 dilectus
1324 1768 1522 1831 equino.

155 1863 208 1901 tu
245 1853 412 1911 modo,
452 1868 578 1914 quos
614 1850 666 1898 in
703 1866 843 1912 spem
882 1858 1066 1898 statues
1104 1849 1411 1898 summittere
1446 1850 1619 1912 gentis,

154 1932 474 1996 praecipuum
510 1931 609 1980 iam
646 1930 763 1980 inde
799 1948 828 1979 a
865 1930 1043 1979 teneris
1080 1930 1315 1993 impende
1350 1931 1585 1980 laborem.

156 2014 394 2063 continuo
429 2013 620 2076 pecoris
658 2012 883 2075 generosi
918 2014 1082 2075 pullus
1118 2012 1168 2060 in
1204 2012 1330 2061 arvis
1779 2034 1825 2075 75

154 2096 298 2144 altius
333 2095 603 2158 ingreditur
639 2104 688 2142 et
727 2094 895 2142 mollia
931 2110 1070 2141 crura
1105 2094 1330 2156 reponit3

154 2173 340 2236 primus
377 2182 425 2221 et
461 2172 530 2220 ire
565 2171 695 2219 viam
733 2180 782 2219 et
819 2170 994 2219 fluvios
1030 2180 1271 2233 temptare
1307 2170 1514 2220 minacis

154 2255 305 2303 audet
341 2262 390 2302 et
426 2253 595 2316 ignoto
633 2269 740 2301 sese
780 2251 1089 2300 committere
1123 2252 1280 2315 ponti,

155 2352 248 2384 nec
283 2351 437 2383 vanos
473 2336 637 2383 horret
676 2333 918 2396 strepitus.
991 2332 1062 2381 illi
1097 2334 1251 2381 ardua
1286 2333 1448 2382 cervix

155 2426 483 2479 argutumque
520 2424 682 2479 caput,
726 2413 885 2463 brevis
922 2415 1059 2462 alvus
1097 2415 1349 2477 obesaque
1385 2424 1531 2478 terga,
1778 2426 1830 2464 80

155 2497 465 2561 luxuriatque
501 2496 618 2546 toris
655 2496 936 2545 animosum
974 2504 1147 2559 pectus
1186 2495 1403 2560 (honesti

157 2578 381 2641 spadices
417 2578 690 2642 glaucique,
730 2580 866 2628 color
902 2577 1192 2626 deterrimus
1228 2577 1353 2626 albis

157 2668 205 2708 et
240 2658 404 2723 gilvo).
478 2669 599 2718 tum,
639 2659 679 2708 si
715 2676 814 2722 qua
850 2676 1030 2708 sonum
1068 2661 1239 2722 procul
1276 2675 1412 2706 arma
1447 2660 1644 2719 dedere,

157 2749 283 2788 stare
318 2742 431 2788 loco
467 2739 637 2800 nescit,
676 2740 826 2788 micat
860 2740 1060 2788 auribus
1098 2750 1145 2789 et
1182 2740 1344 2788 tremit
1380 2749 1526 2799 artus,

212 2870 346 2918 54-84
368 2867 499 2907 MPR
729 2881 781 2918 55
812 2868 910 2921 sub]
934 2882 1029 2908 cum
1051 2868 1104 2906 M
1106 2869 1120 2891 ¹
1234 2870 1287 2918 56
1318 2869 1392 2907 tibi
1413 2868 1464 2906 Μ
1471 2868 1483 2890 ¹
1597 2870 1650 2916 63
1681 2869 1827 2907 iuven-

158 2929 224 2961 tas
262 2922 445 2969 M²R7b²
481 2922 599 2962 schol.
641 2923 764 2962 Bern.
782 2937 792 2971 ;
840 2923 886 2973 ‘f
922 2924 1026 2962 Aen.
1061 2936 1099 2962 v.
1134 2923 1239 2973 3985
1279 2923 1362 2962 viii.
1402 2925 1504 2961 160:
1548 2923 1733 2961 iuventis
1762 2922 1828 2963 P:

159 2978 357 3015 iuventus
388 2976 497 3014 M¹b¹
517 2976 759 3015 Priscianus
915 2979 968 3026 65
999 2977 1091 3015 aliis
1120 2976 1163 3014 P
1268 2979 1323 3026 69
1355 2977 1486 3015 mavis
1508 2975 1561 3013 M
1671 2990 1720 3026 77
1752 2977 1826 3015 mi-

159 3031 298 3070 nantis
318 3031 361 3069 P
372 3029 519 3069 Seneca
538 3031 657 3070 schol.
677 3030 801 3070 Bern.
939 3032 989 3079 78
1018 3036 1150 3080 ponto
1172 3029 1225 3067 M
1232 3031 1299 3082 ¹7b
1318 3045 1365 3069 cvr
1385 3031 1533 3071 Seneca
1553 3031 1671 3071 schol.
1698 3030 1822 3071 Bern.
