2020 3372
1364 157 1649 207 ECLOGA
1684 157 1791 204 VII

217 299 300 348 hic
333 297 500 348 viridis
536 307 705 347 tenera
739 296 977 360 praetexit
1012 296 1291 345 harundine
1326 296 1456 359 ripas

218 380 450 440 Mincius,
491 397 617 443 eque
654 397 791 428 sacra
825 388 1060 428 resonant
1095 378 1322 427 examina
1358 380 1574 441 quercu.'

135 459 140 463 Κ
215 462 337 526 quid
353 464 595 511 facerem?
620 478 784 524 neque
803 478 894 524 ego
915 461 1163 523 Alcippen
1184 477 1277 509 nec
1298 460 1525 523 Phyllida
1540 460 1788 509 habebam

214 545 449 607 depulsos
484 560 514 591 a
549 544 677 591 lacte
712 542 852 591 domi
887 559 1016 604 quae
1053 543 1304 590 clauderet
1339 557 1507 605 agnos,
1738 562 1784 601 15

214 634 262 675 et
296 634 545 674 certamen
579 634 694 684 erat,
723 625 960 687 Corydon
995 640 1110 672 cum
1135 623 1396 686 Thyrside,
1432 640 1681 686 magnum.

212 705 480 770 posthabui
517 715 685 755 tamen
721 705 917 754 illorum
955 721 1068 754 mea
1103 704 1228 753 seria
1262 706 1396 754 ludo.

211 787 410 836 alternis
446 786 590 850 igitur
626 788 929 835 contendere
965 785 1187 834 versibus
1222 786 1374 834 ambo

212 886 433 932 coepere,
472 871 687 918 alternos
726 871 905 917 Musae
941 867 1228 916 meminisse
1263 867 1510 915 volebant.

142 985 146 987 μ
210 953 302 1000 hos
341 952 591 1014 Corydon,
627 950 737 999 illos
774 950 1016 998 referebat
1051 949 1103 997 in
1140 948 1315 998 ordine
1344 948 1559 1011 Thyrsis.
1736 969 1786 997 20

110 1040 152 1080 C.
278 1035 554 1096 Nymphae,
577 1042 743 1082 noster
766 1049 920 1092 amor,
932 1031 1264 1091 Libethrides,
1282 1040 1366 1079 aut
1386 1030 1509 1079 mihi
1529 1047 1740 1091 carmen,

209 1117 354 1178 quale
391 1132 505 1164 meo
542 1116 726 1174 Codro,
767 1113 1029 1163 concedite
1067 1113 1310 1178 (proxima
1348 1111 1541 1161 Phoebi

206 1196 428 1246 versibus
465 1196 546 1245 ille
583 1196 718 1261 facit)
756 1206 855 1256 aut,
896 1197 936 1244 si
972 1213 1075 1244 non
1111 1211 1377 1258 possumus
1414 1211 1604 1253 omnes,

206 1278 287 1326 hic
322 1287 492 1340 arguta
528 1295 664 1326 sacra
700 1277 941 1341 pendebit
976 1279 1140 1325 fistula
1175 1276 1310 1339 pinu.

110 1365 153 1405 T.
206 1361 446 1418 Pastores,
487 1360 671 1408 hedera
709 1368 1014 1408 crescentem
1051 1367 1222 1407 ornate
1258 1366 1473 1419 poetam,
1731 1377 1749 1404 2
1757 1377 1778 1416 5

202 1442 437 1500 Arcades,
478 1440 663 1490 invidia
699 1449 991 1504 rumpantur
1026 1436 1080 1488 ut
1115 1439 1198 1487 ilia
1234 1440 1405 1488 Codro
1422 1457 1436 1499 3

203 1532 301 1582 aut,
340 1522 381 1570 si
417 1524 543 1571 ultra
579 1522 816 1585 placitum
854 1521 1076 1581 laudarit,
1117 1521 1325 1569 baccare
1361 1521 1574 1569 frontem

203 1603 397 1666 cingite,
437 1621 500 1652 ne
536 1603 635 1652 vati
673 1613 851 1652 noceat
889 1605 1018 1652 mala
1053 1602 1220 1666 lingua
1255 1603 1433 1650 futuro.

105 1673 145 1730 Css
270 1684 460 1734 Saetosi
496 1694 646 1748 caput
682 1687 779 1734 hoc
815 1685 920 1748 apri
956 1684 1060 1744 tibi,
1104 1683 1260 1743 Delia,
1301 1699 1478 1746 parvus

202 1777 251 1816 et
285 1784 479 1816 ramosa
517 1767 691 1815 Micon
727 1767 910 1816 vivacis
946 1783 1132 1815 cornua
1168 1764 1310 1814 cervi.
1725 1781 1778 1822 3⁴0

201 1849 241 1897 si
277 1848 530 1912 proprium
566 1850 664 1897 hoc
700 1848 858 1908 fuerit,
898 1847 993 1897 levi
1029 1849 1094 1896 de
1130 1863 1375 1895 marmore
1411 1854 1515 1895 tota

200 1927 414 1990 puniceo
450 1927 601 1975 stabis
639 1943 774 1975 suras
812 1927 1006 1975 evincta
1041 1935 1263 1975 coturno.

105 2016 148 2055 T.
200 2009 374 2057 Sinum
410 2008 549 2057 lactis
586 2018 634 2057 et
670 2010 794 2057 haec
831 2018 880 2057 te
916 2008 1030 2067 liba,
1060 2007 1248 2070 Priape,
1281 2004 1546 2069 quotannis

200 2099 482 2153 exspectare
517 2099 592 2138 sat
628 2099 730 2138 est:
781 2099 948 2138 custos
986 2106 1038 2138 es
1075 2087 1303 2151 pauperis
1339 2086 1480 2135 horti.

198 2188 332 2219 nunc
368 2180 417 2219 te
452 2187 784 2219 marmoreum
818 2187 908 2233 pro
941 2180 1164 2232 tempore
1199 2167 1406 2217 fecimus
1423 2186 1437 2228 3
1472 2176 1522 2215 at
1554 2176 1620 2226 tu,
1721 2186 1768 2227 35

198 2253 239 2301 si
273 2254 430 2301 fetura
463 2269 660 2316 gregem
697 2251 1010 2315 suppleverit,
1048 2267 1224 2299 aureus
1261 2257 1380 2298 esto.

100 2342 141 2381 C.
265 2334 450 2384 Nerine
487 2336 706 2394 Galatea,
747 2336 920 2397 thymo
957 2333 1080 2381 mihi
1115 2331 1307 2381 dulcior
1345 2331 1557 2393 Hyblae,

197 2415 455 2465 candidior
491 2415 671 2478 cycnis,
711 2417 897 2465 hedera
932 2414 1193 2464 formosior
1226 2413 1353 2472 alba,

196 2515 311 2546 cum
347 2497 561 2561 primum
597 2498 724 2562 pasti
760 2507 985 2562 repetent
1021 2495 1275 2560 praesepia
1311 2493 1449 2553 tauri,

196 2579 236 2627 si
273 2597 371 2643 qua
406 2579 477 2628 tui
514 2580 793 2643 Corydonis
814 2580 981 2641 >habet
1017 2588 1066 2627 te
1102 2594 1231 2636 cura,
1266 2575 1446 2624 venito.
1712 2593 1766 2632 40

100 2669 143 2707 T.
196 2663 360 2710 Immo
397 2679 489 2726 ego
526 2661 778 2712 Sardoniis
814 2660 981 2710 videar
1017 2659 1106 2708 tibi
1142 2657 1352 2707 amarior
1386 2655 1566 2715 herbis,

194 2743 437 2792 horridior
471 2762 629 2804 rusco,
668 2743 887 2807 proiecta
922 2741 1063 2790 vilior
1097 2743 1219 2803 alga,

151 2888 279 2925 12-37
302 2875 455 2924 MPV;
497 2877 632 2925 38-42
663 2873 755 2911 MP
974 2885 1024 2922 19
1053 2870 1244 2909 volebam
1267 2869 1420 2907 multos
1439 2867 1577 2919 legisse
1595 2870 1769 2905 testatur

92 2927 222 2980 Serv„
243 2930 348 2970 idem
370 2931 518 2969 habent
537 2930 570 2969 εἳ
591 2928 873 2979 Menagianus
891 2926 916 2964 I
1043 2937 1096 2974 23
1126 2924 1340 2975 possimus
1359 2921 1573 2972 M1P¹7¹c¹
1710 2930 1764 2970 25

92 2991 340 3024 nascentem
361 2984 415 3023 M
418 2985 456 3024 ’ὁ

1602 3044 1654 3083 2*
