2014 3372
1333 145 1692 194 AENEIDOS
1730 146 1778 191 X

119 285 353 335 Euandri.
426 301 575 348 quem
611 284 681 333 sic
719 285 877 332 Pallas
914 283 1035 347 petit
1070 292 1185 331 ante
1219 290 1473 346 precatus:

123 369 215 415 ‘da
250 384 395 426 nunc,
434 365 622 428 Thybri
657 374 805 429 pater,
845 367 985 424 ferro,
1024 366 1160 427 quod
1196 363 1379 412 missile
1415 363 1554 423 libro,

119 449 366 496 fortunam
401 455 548 509 atque
583 445 713 494 viam
750 445 859 494 duri
894 462 980 508 per
1015 454 1186 508 pectus
1224 443 1440 493 Halaesi.

120 529 242 577 haec
277 545 412 576 arma
446 527 741 590 exuviasque
777 526 865 574 viri
900 535 985 574 tua
1020 543 1228 589 quercus
1263 525 1496 574 habebit)

117 608 274 657 audiit
309 608 392 656 illa
426 610 548 657 deus
566 627 579 668 3
615 609 736 656 dum
773 607 890 656 texit
927 609 1136 655 Imaona
1173 608 1433 665 Halaesus,

119 689 334 738 Arcadio
370 689 538 738 infelix
572 691 671 738 telo
707 691 792 738 dat
827 698 999 752 pectus
1034 688 1291 737 inermum.

186 774 255 819 At
290 788 392 819 non
428 772 580 819 caede
615 770 703 818 viri
740 779 875 818 tanta
909 769 1160 833 perterrita
1196 772 1400 829 Lausus,

119 848 230 915 pars
265 852 437 914 ingens
474 851 603 910 belli,
643 850 757 899 sinit
792 850 1016 914 agmina:
1059 851 1245 914 primus
1280 852 1530 899 Abantem

119 933 404 995 oppositum
440 931 685 991 interimit,
725 949 918 995 pugnae
953 934 1243 995 nodumque
1279 948 1580 995 moramque.

119 1013 348 1062 sternitur
382 1013 624 1062 Arcadiae
659 1015 833 1076 proleS‚
874 1021 1154 1061 sternuntur
1190 1012 1384 1061 Etrusci

119 1104 168 1143 et
203 1111 303 1154 vos,
344 1111 374 1142 o
411 1093 551 1142 Grais
587 1093 848 1157 imperdita
882 1110 1099 1156 corpora,
1139 1093 1330 1142 Teucri.

118 1175 316 1238 agmina
352 1184 648 1223 concurrunt
684 1174 993 1237 ducibusque
1029 1184 1078 1223 et
1113 1174 1296 1223 viribus
1331 1174 1513 1238 aequis.

118 1255 322 1305 extremi
357 1258 634 1305 addensent
669 1255 798 1304 acies
834 1273 927 1304 nec
962 1257 1105 1304 turba
1140 1255 1325 1304 moveri

119 1339 217 1386 tela
252 1353 526 1399 manusque
563 1336 689 1385 sinit.
763 1336 879 1384 hinc
916 1338 1076 1384 Pallas
1111 1335 1260 1384 instat
1295 1345 1343 1384 et
1378 1345 1527 1399 urget,

118 1418 236 1466 hinc
273 1427 443 1467 contra
479 1420 682 1476 Lausus,
722 1434 815 1466 nec
851 1420 1061 1465 multum
1097 1417 1341 1480 discrepat
1376 1426 1522 1475 aetas,

119 1499 298 1563 egregii
333 1501 501 1558 forma,
542 1501 629 1547 sed
665 1499 774 1561 quis
812 1501 1029 1547 Fortuna
1063 1507 1261 1561 negarat

119 1580 171 1628 in
206 1579 412 1643 patriam
449 1579 645 1628 reditus.
719 1579 852 1641 ipsos
888 1596 1176 1627 concurrere
1211 1595 1383 1642 passus

119 1662 253 1708 haud
290 1669 455 1708 tamen
491 1659 616 1707 inter
652 1676 703 1707 se
739 1659 904 1721 magni
939 1668 1164 1721 regnator
1200 1658 1400 1722 Olympi
1417 1677 1431 1719 3

120 1758 236 1789 mox
271 1741 380 1789 illos
417 1758 504 1788 sua
539 1742 637 1788 fata
672 1749 874 1788 manent
910 1739 1094 1788 maiore
1131 1740 1222 1788 sub
1258 1741 1412 1789 hoste.

189 1825 384 1870 Interea
419 1839 553 1870 soror
588 1823 717 1869 alma
753 1829 923 1869 monet
958 1822 1221 1869 succedere
1257 1823 1422 1869 Lauso

119 1906 358 1962 Turnum,
400 1903 485 1966 qui
522 1902 708 1952 volucri
745 1919 886 1950 curru
923 1902 1143 1951 medium
1181 1911 1313 1951 secat
1348 1918 1538 1965 agmen.

118 1994 173 2032 ut
208 1985 330 2034 vidit
366 1985 555 2034 socios:
594 1988 814 2045 ‘tempus
850 1983 1083 2031 desistere
1119 2000 1312 2046 pugnae
1330 2002 1343 2043 3

119 2068 251 2114 solus
288 2082 379 2128 ego
415 2065 466 2112 in
504 2066 726 2112 Pallanta
761 2065 898 2122 feror,
939 2063 1030 2112 soli
1065 2063 1187 2111 mihi
1224 2065 1382 2111 Pallas

118 2148 326 2195 debetur
343 2165 357 2206 ,·
392 2163 622 2209 cuperem
659 2145 764 2208 ipse
800 2161 976 2207 parens
1012 2153 1256 2207 spectator
1290 2146 1514 2193 adesset.'

118 2229 241 2276 haec
277 2228 357 2287 ait,
396 2237 444 2276 et
480 2227 600 2276 socii
637 2236 887 2276 cesserunt
922 2243 1135 2288 aequore
1170 2225 1315 2275 iusso.

117 2317 167 2355 at
205 2310 445 2356 Rutulum
482 2309 714 2356 abscessu
752 2307 941 2355 iuvenis
978 2315 1083 2354 tum
1119 2305 1250 2354 iussa
1286 2306 1495 2368 superba

119 2387 318 2436 miratus
356 2397 518 2451 stupet
554 2388 605 2435 in
641 2390 812 2436 Turno
849 2403 1125 2450 corpusque
1161 2403 1247 2449 per
1281 2385 1453 2448 ingens

118 2468 306 2516 lumina
340 2469 491 2517 volvit
527 2469 730 2531 obitque
767 2469 891 2517 truci
926 2471 1097 2531 procul
1133 2467 1301 2516 omnia
1335 2467 1454 2526 visu,

118 2548 296 2597 talibus
333 2558 380 2596 et
416 2548 560 2597 dictis
596 2548 632 2596 it
668 2557 839 2597 contra
874 2548 1007 2597 dicta
1042 2548 1261 2610 tyranni:

121 2633 231 2676 ‘aut
268 2629 434 2692 spoliis
470 2646 562 2692 ego
597 2629 694 2677 iam
732 2629 880 2692 raptis
916 2631 1155 2679 laudabor
1190 2629 1368 2692 opimis

117 2718 202 2756 aut
237 2711 336 2758 leto
372 2708 578 2772 insigni:
617 2710 732 2758 sorti
769 2719 905 2772 pater
940 2727 1127 2772 aequus
1163 2710 1356 2772 utrique
1392 2718 1477 2757 est.

118 2792 234 2838 tolle
271 2789 459 2837 minas.'
530 2791 656 2837 fatus
693 2790 912 2838 medium
950 2790 1172 2853 procedit
1208 2790 1259 2837 in
1294 2807 1478 2852 aequor
1494 2807 1508 2849 ,-

1695 302 1778 342 420

1698 708 1778 747 425

1698 1112 1782 1152 430

1702 1517 1779 1558 435

1699 1922 1781 1962 440

1701 2326 1779 2366 445

1697 2729 1781 2768 450

173 2932 357 2970 420-451
375 2919 504 2959 MPR
615 2932 695 2970 432
716 2921 952 2958 addensant
968 2918 1223 2970 MP2R7bcrr
1240 2933 1249 2960 :
1276 2919 1571 2958 inusitatiorem
1581 2919 1777 2968 formam

120 2978 322 3014 testantur
335 2974 574 3014 Pnlscianus
594 2973 706 3014 Serv.
839 2987 916 3024 441
950 2987 1094 3025 pugna
1115 2973 1175 3013 Rc
1312 2975 1393 3023 446
1423 2973 1597 3013 miratur
1617 2972 1727 3024 Ry'c
