<?xml version="1.0" encoding="UTF-8"?>
<!DOCTYPE html PUBLIC "-//W3C//DTD XHTML 1.0 Transitional//EN"
    "http://www.w3.org/TR/xhtml1/DTD/xhtml1-transitional.dtd">
<html xmlns="http://www.w3.org/1999/xhtml" xml:lang="en" lang="en">
 <head>
  <title>
</title>
<meta http-equiv="Content-Type" content="text/html;charset=utf-8" />
  <meta name='ocr-system' content='tesseract 3.04.00' />
  <meta name='ocr-capabilities' content='ocr_page ocr_carea ocr_par ocr_line ocrx_word'/>
</head>
<body>
  <div class='ocr_page' id='page_1' title='image "./operarecognovitb00virguoft_0029.png"; bbox 0 0 2020 3372; ppageno 0'>
   <div class='ocr_carea' id='block_1_1' title="bbox 1443 151 1808 219">
    <p class='ocr_par' dir='ltr' id='par_1_1' title="bbox 1443 151 1808 219">
     <span class='ocr_line' id='line_1_1' title="bbox 1443 151 1808 219; baseline 0 -2"><span class='ocrx_word' id='word_1_1' title='bbox 1443 151 1729 219; x_wconf 74' lang='lat' dir='ltr'>ECLOGA</span> <span class='ocrx_word' id='word_1_2' title='bbox 1763 168 1808 217; x_wconf 89' lang='lat' dir='ltr'><strong>v</strong></span> 
     </span>
    </p>
   </div>
   <div class='ocr_carea' id='block_1_2' title="bbox 132 309 1811 2805">
    <p class='ocr_par' dir='ltr' id='par_1_2' title="bbox 135 309 1809 375">
     <span class='ocr_line' id='line_1_2' title="bbox 135 309 1809 375; baseline -0.002 -16"><span class='ocrx_word' id='word_1_3' title='bbox 135 319 214 359; x_wconf 84' lang='lat' dir='ltr'>Me.</span> <span class='ocrx_word' id='word_1_4' title='bbox 240 311 428 375; x_wconf 85' lang='lat' dir='ltr'>Incipe,</span> <span class='ocrx_word' id='word_1_5' title='bbox 467 314 661 375; x_wconf 84' lang='lat' dir='ltr'>Mopse,</span> <span class='ocrx_word' id='word_1_6' title='bbox 698 311 841 375; x_wconf 88' lang='lat' dir='ltr'>prior,</span> <span class='ocrx_word' id='word_1_7' title='bbox 881 311 924 360; x_wconf 85' lang='lat' dir='ltr'>si</span> <span class='ocrx_word' id='word_1_8' title='bbox 958 327 1084 375; x_wconf 92' lang='lat' dir='ltr'>quos</span> <span class='ocrx_word' id='word_1_9' title='bbox 1121 319 1205 359; x_wconf 92' lang='lat' dir='ltr'>aut</span> <span class='ocrx_word' id='word_1_10' title='bbox 1239 309 1478 373; x_wconf 88' lang='lat' dir='ltr'>Phyllidis</span> <span class='ocrx_word' id='word_1_11' title='bbox 1514 309 1640 372; x_wconf 89' lang='lat' dir='ltr'>ignis</span> <span class='ocrx_word' id='word_1_12' title='bbox 1759 327 1809 356; x_wconf 90' lang='lat'>10</span> 
     </span>
    </p>

    <p class='ocr_par' dir='ltr' id='par_1_3' title="bbox 179 388 1472 537">
     <span class='ocr_line' id='line_1_3' title="bbox 234 388 1472 454; baseline -0.003 -12"><span class='ocrx_word' id='word_1_13' title='bbox 234 403 320 442; x_wconf 90' lang='lat' dir='ltr'>aut</span> <span class='ocrx_word' id='word_1_14' title='bbox 353 392 558 441; x_wconf 90' lang='lat' dir='ltr'>Alconis</span> <span class='ocrx_word' id='word_1_15' title='bbox 595 393 748 441; x_wconf 92' lang='lat' dir='ltr'>habes</span> <span class='ocrx_word' id='word_1_16' title='bbox 786 393 959 441; x_wconf 91' lang='lat' dir='ltr'>laudes</span> <span class='ocrx_word' id='word_1_17' title='bbox 994 401 1079 440; x_wconf 91' lang='lat' dir='ltr'>aut</span> <span class='ocrx_word' id='word_1_18' title='bbox 1115 388 1269 454; x_wconf 90' lang='lat' dir='ltr'>iurgia</span> <span class='ocrx_word' id='word_1_19' title='bbox 1306 390 1472 441; x_wconf 86' lang='lat' dir='ltr'>Codri.</span> 
     </span>
     <span class='ocr_line' id='line_1_4' title="bbox 179 472 1423 537; baseline -0.001 -15"><span class='ocrx_word' id='word_1_20' title='bbox 179 532 182 535; x_wconf 26' lang='grc' dir='ltr'>Ι</span> <span class='ocrx_word' id='word_1_21' title='bbox 235 473 421 536; x_wconf 84' lang='lat' dir='ltr'>incipe:</span> <span class='ocrx_word' id='word_1_22' title='bbox 459 472 705 537; x_wconf 91' lang='lat' dir='ltr'>pascentis</span> <span class='ocrx_word' id='word_1_23' title='bbox 742 472 954 521; x_wconf 85' lang='lat' dir='ltr'>servabit</span> <span class='ocrx_word' id='word_1_24' title='bbox 987 472 1185 535; x_wconf 89' lang='lat' dir='ltr'>Tityrus</span> <span class='ocrx_word' id='word_1_25' title='bbox 1222 474 1423 521; x_wconf 91' lang='lat' dir='ltr'>haedos.</span> 
     </span>
    </p>

    <p class='ocr_par' dir='ltr' id='par_1_4' title="bbox 134 553 1807 780">
     <span class='ocr_line' id='line_1_5' title="bbox 134 553 1559 617; baseline 0.001 -18"><span class='ocrx_word' id='word_1_26' title='bbox 134 559 218 601; x_wconf 89' lang='lat' dir='ltr'>Mo.</span> <span class='ocrx_word' id='word_1_27' title='bbox 240 557 406 604; x_wconf 90' lang='lat' dir='ltr'>Immo</span> <span class='ocrx_word' id='word_1_28' title='bbox 442 556 579 615; x_wconf 91' lang='lat' dir='ltr'>haec,</span> <span class='ocrx_word' id='word_1_29' title='bbox 619 555 670 603; x_wconf 89' lang='lat' dir='ltr'>in</span> <span class='ocrx_word' id='word_1_30' title='bbox 706 554 849 604; x_wconf 91' lang='lat' dir='ltr'>viridi</span> <span class='ocrx_word' id='word_1_31' title='bbox 886 571 1043 617; x_wconf 90' lang='lat' dir='ltr'>nuper</span> <span class='ocrx_word' id='word_1_32' title='bbox 1079 571 1207 617; x_wconf 91' lang='lat' dir='ltr'>quae</span> <span class='ocrx_word' id='word_1_33' title='bbox 1243 554 1426 603; x_wconf 90' lang='lat' dir='ltr'>cortice</span> <span class='ocrx_word' id='word_1_34' title='bbox 1462 553 1559 616; x_wconf 90' lang='lat' dir='ltr'>fagi</span> 
     </span>
     <span class='ocr_line' id='line_1_6' title="bbox 236 634 1551 699; baseline -0.002 -15"><span class='ocrx_word' id='word_1_35' title='bbox 236 636 455 685; x_wconf 90' lang='lat' dir='ltr'>carmina</span> <span class='ocrx_word' id='word_1_36' title='bbox 490 635 728 699; x_wconf 88' lang='lat' dir='ltr'>descripsi</span> <span class='ocrx_word' id='word_1_37' title='bbox 764 645 812 684; x_wconf 87' lang='lat' dir='ltr'>et</span> <span class='ocrx_word' id='word_1_38' title='bbox 849 637 1111 684; x_wconf 91' lang='lat' dir='ltr'>modulans</span> <span class='ocrx_word' id='word_1_39' title='bbox 1148 637 1335 684; x_wconf 89' lang='lat' dir='ltr'>alterna</span> <span class='ocrx_word' id='word_1_40' title='bbox 1370 634 1551 693; x_wconf 88' lang='lat' dir='ltr'>notavi,</span> 
     </span>
     <span class='ocr_line' id='line_1_7' title="bbox 235 716 1807 780; baseline -0.002 -14"><span class='ocrx_word' id='word_1_41' title='bbox 235 717 485 780; x_wconf 87' lang='lat' dir='ltr'>experiar:</span> <span class='ocrx_word' id='word_1_42' title='bbox 534 727 587 766; x_wconf 93' lang='lat' dir='ltr'>tu</span> <span class='ocrx_word' id='word_1_43' title='bbox 623 717 806 766; x_wconf 91' lang='lat' dir='ltr'>deinde</span> <span class='ocrx_word' id='word_1_44' title='bbox 842 716 1013 765; x_wconf 93' lang='lat' dir='ltr'>iubeto</span> <span class='ocrx_word' id='word_1_45' title='bbox 1049 726 1102 765; x_wconf 93' lang='lat' dir='ltr'>ut</span> <span class='ocrx_word' id='word_1_46' title='bbox 1139 726 1290 766; x_wconf 91' lang='lat' dir='ltr'>certet</span> <span class='ocrx_word' id='word_1_47' title='bbox 1326 720 1581 779; x_wconf 86' lang='lat' dir='ltr'>Amyntas.</span> <span class='ocrx_word' id='word_1_48' title='bbox 1760 734 1807 775; x_wconf 91' lang='lat'>15</span> 
     </span>
    </p>

    <p class='ocr_par' dir='ltr' id='par_1_5' title="bbox 132 797 1572 1104">
     <span class='ocr_line' id='line_1_8' title="bbox 132 797 1442 862; baseline 0.002 -20"><span class='ocrx_word' id='word_1_49' title='bbox 132 803 214 844; x_wconf 83' lang='lat' dir='ltr'>Me.</span> <span class='ocrx_word' id='word_1_50' title='bbox 237 801 397 848; x_wconf 90' lang='lat' dir='ltr'>Lenta</span> <span class='ocrx_word' id='word_1_51' title='bbox 432 798 552 847; x_wconf 86' lang='lat' dir='ltr'>salix</span> <span class='ocrx_word' id='word_1_52' title='bbox 587 807 828 862; x_wconf 91' lang='lat' dir='ltr'>quantum</span> <span class='ocrx_word' id='word_1_53' title='bbox 865 797 1068 861; x_wconf 91' lang='lat' dir='ltr'>pallenti</span> <span class='ocrx_word' id='word_1_54' title='bbox 1104 797 1235 846; x_wconf 88' lang='lat' dir='ltr'>cedit</span> <span class='ocrx_word' id='word_1_55' title='bbox 1271 797 1442 856; x_wconf 88' lang='lat' dir='ltr'>olivae,</span> 
     </span>
     <span class='ocr_line' id='line_1_9' title="bbox 233 878 1451 943; baseline -0.002 -15"><span class='ocrx_word' id='word_1_56' title='bbox 233 879 459 942; x_wconf 88' lang='lat' dir='ltr'>puniceis</span> <span class='ocrx_word' id='word_1_57' title='bbox 494 879 693 928; x_wconf 90' lang='lat' dir='ltr'>humilis</span> <span class='ocrx_word' id='word_1_58' title='bbox 731 888 973 943; x_wconf 89' lang='lat' dir='ltr'>quantum</span> <span class='ocrx_word' id='word_1_59' title='bbox 1010 878 1229 927; x_wconf 85' lang='lat' dir='ltr'>saliunca</span> <span class='ocrx_word' id='word_1_60' title='bbox 1264 878 1451 937; x_wconf 90' lang='lat' dir='ltr'>rosetis,</span> 
     </span>
     <span class='ocr_line' id='line_1_10' title="bbox 235 959 1440 1021; baseline -0.003 -11"><span class='ocrx_word' id='word_1_61' title='bbox 235 961 420 1010; x_wconf 90' lang='lat' dir='ltr'>iudicio</span> <span class='ocrx_word' id='word_1_62' title='bbox 457 969 626 1009; x_wconf 91' lang='lat' dir='ltr'>nostro</span> <span class='ocrx_word' id='word_1_63' title='bbox 662 970 856 1008; x_wconf 91' lang='lat' dir='ltr'>tantum</span> <span class='ocrx_word' id='word_1_64' title='bbox 893 959 983 1008; x_wconf 89' lang='lat' dir='ltr'>tibi</span> <span class='ocrx_word' id='word_1_65' title='bbox 1019 959 1150 1008; x_wconf 91' lang='lat' dir='ltr'>cedit</span> <span class='ocrx_word' id='word_1_66' title='bbox 1186 962 1440 1021; x_wconf 89' lang='lat' dir='ltr'>Amyntas.</span> 
     </span>
     <span class='ocr_line' id='line_1_11' title="bbox 235 1040 1572 1104; baseline -0.003 -13"><span class='ocrx_word' id='word_1_67' title='bbox 235 1043 324 1091; x_wconf 89' lang='lat' dir='ltr'>sed</span> <span class='ocrx_word' id='word_1_68' title='bbox 360 1051 413 1090; x_wconf 92' lang='lat' dir='ltr'>tu</span> <span class='ocrx_word' id='word_1_69' title='bbox 450 1041 621 1091; x_wconf 90' lang='lat' dir='ltr'>desine</span> <span class='ocrx_word' id='word_1_70' title='bbox 658 1044 811 1104; x_wconf 90' lang='lat' dir='ltr'>plura,</span> <span class='ocrx_word' id='word_1_71' title='bbox 850 1058 1004 1104; x_wconf 89' lang='lat' dir='ltr'>puer:</span> <span class='ocrx_word' id='word_1_72' title='bbox 1053 1040 1380 1089; x_wconf 88' lang='lat' dir='ltr'>successimus</span> <span class='ocrx_word' id='word_1_73' title='bbox 1416 1048 1572 1088; x_wconf 89' lang='lat' dir='ltr'>antro.</span> 
     </span>
    </p>

    <p class='ocr_par' dir='ltr' id='par_1_6' title="bbox 134 1120 1811 1597">
     <span class='ocr_line' id='line_1_12' title="bbox 134 1120 1810 1186; baseline 0.001 -19"><span class='ocrx_word' id='word_1_74' title='bbox 134 1127 218 1168; x_wconf 89' lang='grc' dir='ltr'>Μο.</span> <span class='ocrx_word' id='word_1_75' title='bbox 305 1122 616 1172; x_wconf 86' lang='lat' dir='ltr'>Exstinctum</span> <span class='ocrx_word' id='word_1_76' title='bbox 653 1124 918 1186; x_wconf 91' lang='lat' dir='ltr'>Nymphae</span> <span class='ocrx_word' id='word_1_77' title='bbox 954 1121 1142 1170; x_wconf 91' lang='lat' dir='ltr'>crudeli</span> <span class='ocrx_word' id='word_1_78' title='bbox 1176 1123 1347 1170; x_wconf 90' lang='lat' dir='ltr'>funere</span> <span class='ocrx_word' id='word_1_79' title='bbox 1385 1120 1642 1184; x_wconf 90' lang='lat' dir='ltr'>Daphnim</span> <span class='ocrx_word' id='word_1_80' title='bbox 1759 1141 1810 1170; x_wconf 87' lang='lat'>20</span> 
     </span>
     <span class='ocr_line' id='line_1_13' title="bbox 233 1201 1582 1269; baseline -0.002 -16"><span class='ocrx_word' id='word_1_81' title='bbox 233 1204 420 1253; x_wconf 89' lang='lat' dir='ltr'>flebant</span> <span class='ocrx_word' id='word_1_82' title='bbox 457 1203 564 1269; x_wconf 92' lang='lat' dir='ltr'>(vos</span> <span class='ocrx_word' id='word_1_83' title='bbox 602 1204 752 1266; x_wconf 92' lang='lat' dir='ltr'>coryli</span> <span class='ocrx_word' id='word_1_84' title='bbox 788 1213 936 1252; x_wconf 91' lang='lat' dir='ltr'>testes</span> <span class='ocrx_word' id='word_1_85' title='bbox 973 1212 1021 1252; x_wconf 93' lang='lat' dir='ltr'>et</span> <span class='ocrx_word' id='word_1_86' title='bbox 1057 1203 1262 1251; x_wconf 89' lang='lat' dir='ltr'>flumina</span> <span class='ocrx_word' id='word_1_87' title='bbox 1299 1201 1582 1266; x_wconf 88' lang='lat' dir='ltr'>Nymphis),</span> 
     </span>
     <span class='ocr_line' id='line_1_14' title="bbox 236 1284 1439 1348; baseline -0.002 -14"><span class='ocrx_word' id='word_1_88' title='bbox 236 1303 351 1334; x_wconf 91' lang='lat' dir='ltr'>cum</span> <span class='ocrx_word' id='word_1_89' title='bbox 387 1287 645 1348; x_wconf 88' lang='lat' dir='ltr'>complexa</span> <span class='ocrx_word' id='word_1_90' title='bbox 682 1284 757 1333; x_wconf 89' lang='lat' dir='ltr'>sui</span> <span class='ocrx_word' id='word_1_91' title='bbox 794 1301 971 1347; x_wconf 91' lang='lat' dir='ltr'>corpus</span> <span class='ocrx_word' id='word_1_92' title='bbox 1008 1284 1287 1333; x_wconf 90' lang='lat' dir='ltr'>miserabile</span> <span class='ocrx_word' id='word_1_93' title='bbox 1324 1284 1439 1343; x_wconf 91' lang='lat' dir='ltr'>nati,</span> 
     </span>
     <span class='ocr_line' id='line_1_15' title="bbox 234 1365 1530 1429; baseline 0 -15"><span class='ocrx_word' id='word_1_94' title='bbox 234 1376 384 1429; x_wconf 93' lang='lat' dir='ltr'>atque</span> <span class='ocrx_word' id='word_1_95' title='bbox 421 1367 542 1415; x_wconf 91' lang='lat' dir='ltr'>deos</span> <span class='ocrx_word' id='word_1_96' title='bbox 578 1375 728 1429; x_wconf 90' lang='lat' dir='ltr'>atque</span> <span class='ocrx_word' id='word_1_97' title='bbox 763 1374 893 1414; x_wconf 91' lang='lat' dir='ltr'>astra</span> <span class='ocrx_word' id='word_1_98' title='bbox 928 1375 1072 1413; x_wconf 89' lang='lat' dir='ltr'>vocat</span> <span class='ocrx_word' id='word_1_99' title='bbox 1109 1365 1326 1414; x_wconf 90' lang='lat' dir='ltr'>crudelia</span> <span class='ocrx_word' id='word_1_100' title='bbox 1363 1374 1530 1415; x_wconf 91' lang='lat' dir='ltr'>mater.</span> 
     </span>
     <span class='ocr_line' id='line_1_16' title="bbox 233 1445 1808 1513; baseline 0 -18"><span class='ocrx_word' id='word_1_101' title='bbox 233 1463 336 1496; x_wconf 94' lang='lat' dir='ltr'>non</span> <span class='ocrx_word' id='word_1_102' title='bbox 371 1446 458 1495; x_wconf 90' lang='lat' dir='ltr'>ulli</span> <span class='ocrx_word' id='word_1_103' title='bbox 494 1456 660 1513; x_wconf 91' lang='lat' dir='ltr'>pastos</span> <span class='ocrx_word' id='word_1_104' title='bbox 698 1446 790 1494; x_wconf 93' lang='lat' dir='ltr'>illis</span> <span class='ocrx_word' id='word_1_105' title='bbox 827 1462 968 1509; x_wconf 90' lang='lat' dir='ltr'>egere</span> <span class='ocrx_word' id='word_1_106' title='bbox 1005 1445 1182 1495; x_wconf 91' lang='lat' dir='ltr'>diebus</span> <span class='ocrx_word' id='word_1_107' title='bbox 1758 1469 1808 1508; x_wconf 86' lang='lat'>²4</span> 
     </span>
     <span class='ocr_line' id='line_1_17' title="bbox 234 1526 1811 1597; baseline 0.002 -21"><span class='ocrx_word' id='word_1_108' title='bbox 234 1527 421 1597; x_wconf 85' lang='lat' dir='ltr'>frigida,</span> <span class='ocrx_word' id='word_1_109' title='bbox 451 1527 667 1590; x_wconf 90' lang='lat' dir='ltr'>Daphni,</span> <span class='ocrx_word' id='word_1_110' title='bbox 695 1528 848 1576; x_wconf 93' lang='lat' dir='ltr'>boves</span> <span class='ocrx_word' id='word_1_111' title='bbox 881 1528 947 1575; x_wconf 94' lang='lat' dir='ltr'>ad</span> <span class='ocrx_word' id='word_1_112' title='bbox 976 1526 1181 1575; x_wconf 91' lang='lat' dir='ltr'>flumina</span> <span class='ocrx_word' id='word_1_113' title='bbox 1204 1545 1216 1586; x_wconf 84' lang='lat'><em>3</em></span> <span class='ocrx_word' id='word_1_114' title='bbox 1251 1528 1385 1575; x_wconf 92' lang='lat' dir='ltr'>nulla</span> <span class='ocrx_word' id='word_1_115' title='bbox 1415 1544 1579 1591; x_wconf 91' lang='lat' dir='ltr'>neque</span> <span class='ocrx_word' id='word_1_116' title='bbox 1607 1546 1811 1579; x_wconf 86' lang='lat' dir='ltr'>amnem</span> 
     </span>
    </p>

    <p class='ocr_par' dir='ltr' id='par_1_7' title="bbox 188 1606 1808 2805">
     <span class='ocr_line' id='line_1_18' title="bbox 188 1606 1548 1671; baseline 0.001 -15"><span class='ocrx_word' id='word_1_117' title='bbox 188 1645 198 1647; x_wconf 82' lang='grc'>-</span> <span class='ocrx_word' id='word_1_118' title='bbox 234 1608 404 1657; x_wconf 90' lang='lat' dir='ltr'>libavit</span> <span class='ocrx_word' id='word_1_119' title='bbox 440 1608 702 1671; x_wconf 88' lang='lat' dir='ltr'>quadripes</span> <span class='ocrx_word' id='word_1_120' title='bbox 740 1625 833 1656; x_wconf 90' lang='lat' dir='ltr'>nec</span> <span class='ocrx_word' id='word_1_121' title='bbox 868 1606 1100 1671; x_wconf 87' lang='lat' dir='ltr'>graminis</span> <span class='ocrx_word' id='word_1_122' title='bbox 1136 1607 1294 1670; x_wconf 90' lang='lat' dir='ltr'>attigit</span> <span class='ocrx_word' id='word_1_123' title='bbox 1330 1609 1548 1657; x_wconf 89' lang='lat' dir='ltr'>herbam.</span> 
     </span>
     <span class='ocr_line' id='line_1_19' title="bbox 236 1688 1539 1752; baseline 0.001 -15"><span class='ocrx_word' id='word_1_124' title='bbox 236 1689 453 1752; x_wconf 89' lang='lat' dir='ltr'>Daphni,</span> <span class='ocrx_word' id='word_1_125' title='bbox 493 1699 633 1738; x_wconf 90' lang='lat' dir='ltr'>tuum</span> <span class='ocrx_word' id='word_1_126' title='bbox 671 1692 866 1738; x_wconf 93' lang='lat' dir='ltr'>Poenos</span> <span class='ocrx_word' id='word_1_127' title='bbox 904 1689 1052 1737; x_wconf 87' lang='lat' dir='ltr'>etiam</span> <span class='ocrx_word' id='word_1_128' title='bbox 1088 1688 1333 1751; x_wconf 86' lang='lat' dir='ltr'>gemuisse</span> <span class='ocrx_word' id='word_1_129' title='bbox 1370 1690 1539 1738; x_wconf 89' lang='lat' dir='ltr'>leones</span> 
     </span>
     <span class='ocr_line' id='line_1_20' title="bbox 234 1769 1542 1834; baseline 0.002 -16"><span class='ocrx_word' id='word_1_130' title='bbox 234 1769 485 1819; x_wconf 88' lang='lat' dir='ltr'>interitum</span> <span class='ocrx_word' id='word_1_131' title='bbox 521 1779 816 1833; x_wconf 90' lang='lat' dir='ltr'>montesque</span> <span class='ocrx_word' id='word_1_132' title='bbox 852 1770 940 1818; x_wconf 89' lang='lat' dir='ltr'>feri</span> <span class='ocrx_word' id='word_1_133' title='bbox 976 1770 1226 1833; x_wconf 88' lang='lat' dir='ltr'>silvaeque</span> <span class='ocrx_word' id='word_1_134' title='bbox 1261 1772 1542 1834; x_wconf 89' lang='lat' dir='ltr'>loquuntur.</span> 
     </span>
     <span class='ocr_line' id='line_1_21' title="bbox 237 1850 1528 1914; baseline 0.002 -15"><span class='ocrx_word' id='word_1_135' title='bbox 237 1850 464 1913; x_wconf 89' lang='lat' dir='ltr'>Daphnis</span> <span class='ocrx_word' id='word_1_136' title='bbox 501 1860 549 1900; x_wconf 93' lang='lat' dir='ltr'>et</span> <span class='ocrx_word' id='word_1_137' title='bbox 585 1850 845 1899; x_wconf 91' lang='lat' dir='ltr'>Armenias</span> <span class='ocrx_word' id='word_1_138' title='bbox 883 1867 1026 1899; x_wconf 91' lang='lat' dir='ltr'>curru</span> <span class='ocrx_word' id='word_1_139' title='bbox 1063 1851 1358 1914; x_wconf 91' lang='lat' dir='ltr'>subiungere</span> <span class='ocrx_word' id='word_1_140' title='bbox 1396 1850 1528 1914; x_wconf 88' lang='lat' dir='ltr'>tigris</span> 
     </span>
     <span class='ocr_line' id='line_1_22' title="bbox 235 1931 1808 1995; baseline 0.002 -15"><span class='ocrx_word' id='word_1_141' title='bbox 235 1931 458 1991; x_wconf 91' lang='lat' dir='ltr'>instituit,</span> <span class='ocrx_word' id='word_1_142' title='bbox 500 1932 726 1995; x_wconf 85' lang='lat' dir='ltr'>Daphnis</span> <span class='ocrx_word' id='word_1_143' title='bbox 763 1931 949 1981; x_wconf 90' lang='lat' dir='ltr'>thiasos</span> <span class='ocrx_word' id='word_1_144' title='bbox 986 1931 1221 1981; x_wconf 89' lang='lat' dir='ltr'>inducere</span> <span class='ocrx_word' id='word_1_145' title='bbox 1259 1932 1445 1981; x_wconf 89' lang='lat' dir='ltr'>Bacchi</span> <span class='ocrx_word' id='word_1_146' title='bbox 1758 1954 1808 1994; x_wconf 81' lang='lat'>30</span> 
     </span>
     <span class='ocr_line' id='line_1_23' title="bbox 236 2012 1379 2062; baseline 0.001 -2"><span class='ocrx_word' id='word_1_147' title='bbox 236 2022 285 2061; x_wconf 91' lang='lat' dir='ltr'>et</span> <span class='ocrx_word' id='word_1_148' title='bbox 320 2012 448 2061; x_wconf 89' lang='lat' dir='ltr'>foliis</span> <span class='ocrx_word' id='word_1_149' title='bbox 485 2015 641 2061; x_wconf 92' lang='lat' dir='ltr'>lentas</span> <span class='ocrx_word' id='word_1_150' title='bbox 678 2012 893 2062; x_wconf 88' lang='lat' dir='ltr'>intexere</span> <span class='ocrx_word' id='word_1_151' title='bbox 931 2012 1164 2062; x_wconf 91' lang='lat' dir='ltr'>mollibus</span> <span class='ocrx_word' id='word_1_152' title='bbox 1202 2014 1379 2062; x_wconf 87' lang='lat' dir='ltr'>hastas.</span> 
     </span>
     <span class='ocr_line' id='line_1_24' title="bbox 235 2093 1539 2154; baseline 0.002 -13"><span class='ocrx_word' id='word_1_153' title='bbox 235 2093 345 2142; x_wconf 91' lang='lat' dir='ltr'>vitis</span> <span class='ocrx_word' id='word_1_154' title='bbox 382 2103 435 2141; x_wconf 92' lang='lat' dir='ltr'>ut</span> <span class='ocrx_word' id='word_1_155' title='bbox 470 2094 727 2142; x_wconf 90' lang='lat' dir='ltr'>arboribus</span> <span class='ocrx_word' id='word_1_156' title='bbox 764 2093 932 2142; x_wconf 92' lang='lat' dir='ltr'>decori</span> <span class='ocrx_word' id='word_1_157' title='bbox 969 2102 1055 2152; x_wconf 90' lang='lat' dir='ltr'>est,</span> <span class='ocrx_word' id='word_1_158' title='bbox 1093 2103 1147 2141; x_wconf 91' lang='lat' dir='ltr'>ut</span> <span class='ocrx_word' id='word_1_159' title='bbox 1182 2093 1364 2142; x_wconf 87' lang='lat' dir='ltr'>vitibus</span> <span class='ocrx_word' id='word_1_160' title='bbox 1401 2111 1539 2154; x_wconf 89' lang='lat' dir='ltr'>uvae,</span> 
     </span>
     <span class='ocr_line' id='line_1_25' title="bbox 236 2173 1522 2237; baseline 0.002 -15"><span class='ocrx_word' id='word_1_161' title='bbox 236 2183 289 2222; x_wconf 94' lang='lat' dir='ltr'>ut</span> <span class='ocrx_word' id='word_1_162' title='bbox 323 2173 550 2237; x_wconf 86' lang='lat' dir='ltr'>gregibus</span> <span class='ocrx_word' id='word_1_163' title='bbox 587 2174 725 2233; x_wconf 90' lang='lat' dir='ltr'>tauri,</span> <span class='ocrx_word' id='word_1_164' title='bbox 764 2183 953 2237; x_wconf 87' lang='lat' dir='ltr'>segetes</span> <span class='ocrx_word' id='word_1_165' title='bbox 990 2183 1045 2222; x_wconf 92' lang='lat' dir='ltr'>ut</span> <span class='ocrx_word' id='word_1_166' title='bbox 1080 2174 1346 2237; x_wconf 89' lang='lat' dir='ltr'>pinguibus</span> <span class='ocrx_word' id='word_1_167' title='bbox 1381 2175 1522 2235; x_wconf 93' lang='lat' dir='ltr'>arvis,</span> 
     </span>
     <span class='ocr_line' id='line_1_26' title="bbox 235 2255 1624 2318; baseline 0.001 -14"><span class='ocrx_word' id='word_1_168' title='bbox 235 2264 289 2304; x_wconf 93' lang='lat' dir='ltr'>tu</span> <span class='ocrx_word' id='word_1_169' title='bbox 326 2257 479 2304; x_wconf 91' lang='lat' dir='ltr'>decus</span> <span class='ocrx_word' id='word_1_170' title='bbox 516 2272 665 2304; x_wconf 91' lang='lat' dir='ltr'>omne</span> <span class='ocrx_word' id='word_1_171' title='bbox 701 2255 809 2303; x_wconf 88' lang='lat' dir='ltr'>tuis.</span> <span class='ocrx_word' id='word_1_172' title='bbox 884 2264 1150 2318; x_wconf 89' lang='lat' dir='ltr'>postquam</span> <span class='ocrx_word' id='word_1_173' title='bbox 1187 2265 1236 2304; x_wconf 91' lang='lat' dir='ltr'>te</span> <span class='ocrx_word' id='word_1_174' title='bbox 1271 2258 1371 2305; x_wconf 91' lang='lat' dir='ltr'>fata</span> <span class='ocrx_word' id='word_1_175' title='bbox 1407 2258 1624 2306; x_wconf 90' lang='lat' dir='ltr'>tulerunt</span> 
     </span>
     <span class='ocr_line' id='line_1_27' title="bbox 235 2335 1803 2400; baseline 0.002 -17"><span class='ocrx_word' id='word_1_176' title='bbox 235 2335 342 2398; x_wconf 90' lang='lat' dir='ltr'>ipsa</span> <span class='ocrx_word' id='word_1_177' title='bbox 379 2338 520 2385; x_wconf 89' lang='lat' dir='ltr'>Pales</span> <span class='ocrx_word' id='word_1_178' title='bbox 556 2353 697 2399; x_wconf 90' lang='lat' dir='ltr'>agros</span> <span class='ocrx_word' id='word_1_179' title='bbox 732 2345 882 2400; x_wconf 92' lang='lat' dir='ltr'>atque</span> <span class='ocrx_word' id='word_1_180' title='bbox 909 2335 1025 2399; x_wconf 85' lang='lat' dir='ltr'>&#39;ipse</span> <span class='ocrx_word' id='word_1_181' title='bbox 1061 2336 1255 2399; x_wconf 93' lang='lat' dir='ltr'>reliquit</span> <span class='ocrx_word' id='word_1_182' title='bbox 1291 2339 1487 2400; x_wconf 90' lang='lat' dir='ltr'>Apollo.</span> <span class='ocrx_word' id='word_1_183' title='bbox 1754 2360 1803 2400; x_wconf 86' lang='lat'>35</span> 
     </span>
     <span class='ocr_line' id='line_1_28' title="bbox 234 2417 1639 2481; baseline 0.001 -15"><span class='ocrx_word' id='word_1_184' title='bbox 234 2417 438 2481; x_wconf 88' lang='lat' dir='ltr'>grandia</span> <span class='ocrx_word' id='word_1_185' title='bbox 474 2434 620 2480; x_wconf 88' lang='lat' dir='ltr'>saepe</span> <span class='ocrx_word' id='word_1_186' title='bbox 657 2417 836 2480; x_wconf 90' lang='lat' dir='ltr'>quibus</span> <span class='ocrx_word' id='word_1_187' title='bbox 875 2417 1218 2466; x_wconf 90' lang='lat' dir='ltr'>mandavimus</span> <span class='ocrx_word' id='word_1_188' title='bbox 1254 2419 1442 2467; x_wconf 90' lang='lat' dir='ltr'>hordea</span> <span class='ocrx_word' id='word_1_189' title='bbox 1478 2419 1639 2480; x_wconf 88' lang='lat' dir='ltr'>sulcis,</span> 
     </span>
     <span class='ocr_line' id='line_1_29' title="bbox 236 2497 1479 2560; baseline 0.002 -15"><span class='ocrx_word' id='word_1_190' title='bbox 236 2497 404 2546; x_wconf 87' lang='lat' dir='ltr'>infelix</span> <span class='ocrx_word' id='word_1_191' title='bbox 438 2498 610 2547; x_wconf 92' lang='lat' dir='ltr'>lolium</span> <span class='ocrx_word' id='word_1_192' title='bbox 647 2507 695 2547; x_wconf 93' lang='lat' dir='ltr'>et</span> <span class='ocrx_word' id='word_1_193' title='bbox 731 2498 917 2547; x_wconf 90' lang='lat' dir='ltr'>steriles</span> <span class='ocrx_word' id='word_1_194' title='bbox 955 2507 1224 2547; x_wconf 90' lang='lat' dir='ltr'>nascuntur</span> <span class='ocrx_word' id='word_1_195' title='bbox 1258 2515 1479 2560; x_wconf 80' lang='lat' dir='ltr'>avenae3</span> 
     </span>
     <span class='ocr_line' id='line_1_30' title="bbox 235 2579 1340 2644; baseline 0.003 -18"><span class='ocrx_word' id='word_1_196' title='bbox 235 2595 326 2641; x_wconf 94' lang='lat' dir='ltr'>pro</span> <span class='ocrx_word' id='word_1_197' title='bbox 362 2579 498 2628; x_wconf 92' lang='lat' dir='ltr'>molli</span> <span class='ocrx_word' id='word_1_198' title='bbox 532 2579 675 2639; x_wconf 89' lang='lat' dir='ltr'>viola,</span> <span class='ocrx_word' id='word_1_199' title='bbox 714 2597 803 2643; x_wconf 92' lang='lat' dir='ltr'>pro</span> <span class='ocrx_word' id='word_1_200' title='bbox 839 2597 1086 2644; x_wconf 86' lang='lat' dir='ltr'>purpureo</span> <span class='ocrx_word' id='word_1_201' title='bbox 1122 2579 1340 2630; x_wconf 91' lang='lat' dir='ltr'>narcisso</span> 
     </span>
     <span class='ocr_line' id='line_1_31' title="bbox 237 2660 1365 2724; baseline 0.002 -15"><span class='ocrx_word' id='word_1_202' title='bbox 237 2662 447 2710; x_wconf 89' lang='lat' dir='ltr'>carduus</span> <span class='ocrx_word' id='word_1_203' title='bbox 484 2670 532 2710; x_wconf 90' lang='lat' dir='ltr'>et</span> <span class='ocrx_word' id='word_1_204' title='bbox 568 2660 720 2724; x_wconf 91' lang='lat' dir='ltr'>spinis</span> <span class='ocrx_word' id='word_1_205' title='bbox 757 2661 907 2724; x_wconf 90' lang='lat' dir='ltr'>surgit</span> <span class='ocrx_word' id='word_1_206' title='bbox 942 2661 1158 2724; x_wconf 89' lang='lat' dir='ltr'>paliurus</span> <span class='ocrx_word' id='word_1_207' title='bbox 1194 2663 1365 2711; x_wconf 90' lang='lat' dir='ltr'>acutis.</span> 
     </span>
     <span class='ocr_line' id='line_1_32' title="bbox 236 2741 1806 2805; baseline 0.003 -16"><span class='ocrx_word' id='word_1_208' title='bbox 236 2741 447 2804; x_wconf 81' lang='lat' dir='ltr'>spargite</span> <span class='ocrx_word' id='word_1_209' title='bbox 481 2743 690 2790; x_wconf 91' lang='lat' dir='ltr'>humum</span> <span class='ocrx_word' id='word_1_210' title='bbox 726 2741 868 2802; x_wconf 88' lang='lat' dir='ltr'>foliis,</span> <span class='ocrx_word' id='word_1_211' title='bbox 908 2742 1128 2792; x_wconf 90' lang='lat' dir='ltr'>inducite</span> <span class='ocrx_word' id='word_1_212' title='bbox 1163 2743 1384 2792; x_wconf 89' lang='lat' dir='ltr'>fontibus</span> <span class='ocrx_word' id='word_1_213' title='bbox 1421 2744 1634 2804; x_wconf 89' lang='lat' dir='ltr'>umbras,</span> <span class='ocrx_word' id='word_1_214' title='bbox 1750 2766 1806 2805; x_wconf 90' lang='lat'>40</span> 
     </span>
    </p>
   </div>
   <div class='ocr_carea' id='block_1_3' title="bbox 130 2870 1806 3088">
    <p class='ocr_par' dir='ltr' id='par_1_8' title="bbox 130 2870 1806 3088">
     <span class='ocr_line' id='line_1_33' title="bbox 195 2870 1805 2925; baseline 0.004 -16"><span class='ocrx_word' id='word_1_215' title='bbox 195 2884 326 2920; x_wconf 91' lang='lat'>10-40</span> <span class='ocrx_word' id='word_1_216' title='bbox 345 2870 428 2909; x_wconf 87' lang='lat' dir='ltr'>PR</span> <span class='ocrx_word' id='word_1_217' title='bbox 642 2884 689 2921; x_wconf 87' lang='lat'>15</span> <span class='ocrx_word' id='word_1_218' title='bbox 711 2877 756 2911; x_wconf 88' lang='lat' dir='ltr'>ut</span> <span class='ocrx_word' id='word_1_219' title='bbox 781 2886 863 2911; x_wconf 89' lang='lat' dir='ltr'>om.</span> <span class='ocrx_word' id='word_1_220' title='bbox 889 2873 1004 2923; x_wconf 78' lang='grc' dir='ltr'><em>Ργσπ</em></span> <span class='ocrx_word' id='word_1_221' title='bbox 1132 2874 1186 2911; x_wconf 88' lang='lat'>28</span> <span class='ocrx_word' id='word_1_222' title='bbox 1206 2874 1349 2912; x_wconf 87' lang='lat' dir='ltr'>ferunt</span> <span class='ocrx_word' id='word_1_223' title='bbox 1370 2874 1430 2912; x_wconf 87' lang='lat' dir='ltr'>P:</span> <span class='ocrx_word' id='word_1_224' title='bbox 1460 2874 1702 2925; x_wconf 83' lang='lat' dir='ltr'>silvaesque</span> <span class='ocrx_word' id='word_1_225' title='bbox 1721 2875 1805 2916; x_wconf 67' lang='lat' dir='ltr'>Pl:</span> 
     </span>
     <span class='ocr_line' id='line_1_34' title="bbox 136 2924 1805 2979; baseline 0.004 -16"><span class='ocrx_word' id='word_1_226' title='bbox 136 2924 249 2963; x_wconf 89' lang='lat' dir='ltr'>feros</span> <span class='ocrx_word' id='word_1_227' title='bbox 269 2926 481 2975; x_wconf 86' lang='lat' dir='ltr'>silvasque</span> <span class='ocrx_word' id='word_1_228' title='bbox 502 2924 731 2964; x_wconf 85' lang='lat' dir='ltr'>Markland</span> <span class='ocrx_word' id='word_1_229' title='bbox 889 2928 942 2975; x_wconf 88' lang='lat'>38</span> <span class='ocrx_word' id='word_1_230' title='bbox 970 2926 1108 2966; x_wconf 88' lang='lat' dir='ltr'>violae</span> <span class='ocrx_word' id='word_1_231' title='bbox 1127 2927 1184 2965; x_wconf 75' lang='lat' dir='ltr'>Pl</span> <span class='ocrx_word' id='word_1_232' title='bbox 1205 2942 1214 2966; x_wconf 72' lang='grc' dir='ltr'><strong><em>ι</em></strong></span> <span class='ocrx_word' id='word_1_233' title='bbox 1244 2928 1356 2966; x_wconf 89' lang='lat' dir='ltr'>viola</span> <span class='ocrx_word' id='word_1_234' title='bbox 1377 2934 1419 2967; x_wconf 86' lang='lat' dir='ltr'>et</span> <span class='ocrx_word' id='word_1_235' title='bbox 1439 2927 1481 2965; x_wconf 88' lang='lat' dir='ltr'><em>R</em></span> <span class='ocrx_word' id='word_1_236' title='bbox 1593 2942 1805 2979; x_wconf 85' lang='lat' dir='ltr'>purpureo</span> 
     </span>
     <span class='ocr_line' id='line_1_35' title="bbox 136 2978 1806 3032; baseline 0.004 -16"><span class='ocrx_word' id='word_1_237' title='bbox 136 2978 264 3029; x_wconf 85' lang='lat' dir='ltr'>codd.,</span> <span class='ocrx_word' id='word_1_238' title='bbox 284 2978 413 3029; x_wconf 64' lang='lat' dir='ltr'>Serv„</span> <span class='ocrx_word' id='word_1_239' title='bbox 436 2979 553 3018; x_wconf 80' lang='lat' dir='ltr'>schol.</span> <span class='ocrx_word' id='word_1_240' title='bbox 570 2979 694 3019; x_wconf 86' lang='lat' dir='ltr'>Bern.</span> <span class='ocrx_word' id='word_1_241' title='bbox 715 2994 725 3019; x_wconf 75' lang='lat' dir='ltr'><em>z</em></span> <span class='ocrx_word' id='word_1_242' title='bbox 768 2993 982 3030; x_wconf 84' lang='lat' dir='ltr'>purpurea</span> <span class='ocrx_word' id='word_1_243' title='bbox 1001 2985 1174 3019; x_wconf 82' lang='lat' dir='ltr'>testatur</span> <span class='ocrx_word' id='word_1_244' title='bbox 1187 2980 1406 3021; x_wconf 83' lang='lat' dir='ltr'>Diomedes</span> <span class='ocrx_word' id='word_1_245' title='bbox 1424 2982 1513 3032; x_wconf 74' lang='lat' dir='ltr'><em>(cui</em></span> <span class='ocrx_word' id='word_1_246' title='bbox 1530 2984 1806 3022; x_wconf 78' lang='lat' dir='ltr'>immutatum</span> 
     </span>
     <span class='ocr_line' id='line_1_36' title="bbox 130 3033 1778 3088; baseline 0.002 -17"><span class='ocrx_word' id='word_1_247' title='bbox 130 3044 267 3084; x_wconf 82' lang='lat' dir='ltr'>genus</span> <span class='ocrx_word' id='word_1_248' title='bbox 284 3034 541 3072; x_wconf 80' lang='lat' dir='ltr'>soloecismus</span> <span class='ocrx_word' id='word_1_249' title='bbox 561 3039 654 3072; x_wconf 82' lang='lat' dir='ltr'>recte</span> <span class='ocrx_word' id='word_1_250' title='bbox 671 3033 844 3086; x_wconf 85' lang='lat' dir='ltr'>videtur)</span> <span class='ocrx_word' id='word_1_251' title='bbox 869 3035 966 3086; x_wconf 86' lang='lat' dir='ltr'>legit</span> <span class='ocrx_word' id='word_1_252' title='bbox 981 3034 1151 3073; x_wconf 83' lang='lat' dir='ltr'>Ribbeck</span> <span class='ocrx_word' id='word_1_253' title='bbox 1330 3050 1384 3084; x_wconf 90' lang='lat'>40</span> <span class='ocrx_word' id='word_1_254' title='bbox 1413 3038 1598 3088; x_wconf 88' lang='lat' dir='ltr'>umbras]</span> <span class='ocrx_word' id='word_1_255' title='bbox 1621 3051 1715 3077; x_wconf 88' lang='lat' dir='ltr'>aras</span> <span class='ocrx_word' id='word_1_256' title='bbox 1735 3037 1778 3075; x_wconf 90' lang='lat' dir='ltr'><em>R</em></span> 
     </span>
    </p>
   </div>
  </div>
 </body>
</html>
