2014 3372
1313 208 1675 258 AENEIDOS
1711 208 1817 256 VII

149 346 231 396 cui
266 345 443 410 triplici
482 345 655 395 crinita
690 345 808 394 iuba
841 348 981 409 galea
1015 348 1112 395 alta
1150 346 1465 396 Chimaeram

150 428 359 477 sustinet
395 431 646 477 Aetnaeos
683 428 931 477 efflantem
968 427 1193 476 faucibus
1230 427 1390 491 ignis3

149 519 250 557 tam
287 509 440 572 magis
477 509 559 557 illa
594 511 806 558 fremens
844 518 891 558 et
916 509 1134 558 tristibus
1171 511 1318 557 effera
1352 509 1564 557 flammis
1611 557 1613 559 .

150 607 301 652 quam
339 590 493 653 magis
531 592 687 639 effuso
724 592 1023 639 crudescunt
1060 590 1299 654 sanguine
1333 606 1542 653 pugnae.

147 679 197 718 at
233 673 391 719 levem
429 671 644 734 clipeum
682 671 886 720 sublatis
924 671 1156 720 cornibus
1194 674 1253 720 Io

146 767 267 799 auro
303 751 582 815 insignibat,
621 751 719 799 iam
758 752 902 800 saetis
939 752 1112 812 obsita,
1151 751 1250 800 iam
1285 753 1393 812 bos,

146 842 491 894 argumentum
529 832 716 894 ingens,
757 841 805 881 et
842 842 1008 881 custos
1044 833 1242 895 virginis
1279 836 1453 896 Argus,

146 914 433 976 caelataque
469 930 668 962 amnem
705 916 919 962 fundens
955 923 1093 977 pater
1130 916 1347 964 Inachus
1383 933 1518 964 urna.

146 993 421 1057 insequitur
457 995 655 1044 nimbus
692 995 916 1059 peditum
954 996 1263 1060 clipeataque
1298 997 1414 1045 totis

146 1075 343 1139 agmina
380 1078 651 1125 densentur
687 1077 888 1141 campis,
929 1078 1209 1142 Argivaque
1244 1079 1404 1142 pubes

145 1159 510 1221 Auruncaeque
548 1176 737 1219 manus,
779 1159 952 1208 Rutuli
987 1170 1276 1224 veteresque
1313 1161 1491 1220 Sicani,

145 1247 195 1286 et
231 1240 473 1288 Sacranae
509 1240 639 1288 acies
677 1250 725 1288 et
762 1240 880 1303 picti
917 1250 1055 1289 scuta
1092 1241 1265 1290 Labici
1282 1260 1295 1302 3

143 1318 231 1382 qui
268 1322 433 1380 saltus,
474 1321 721 1381 Tiberine,
762 1330 873 1370 tuos
910 1338 1203 1385 sacrumque
1240 1322 1442 1371 Numici

145 1401 259 1449 litus
295 1412 434 1451 arant
472 1405 785 1466 Rutulosque
822 1412 1049 1451 exercent
1084 1420 1283 1452 vomere
1320 1404 1458 1452 collis

147 1481 508 1546 Circaeumque
546 1483 729 1547 iugum,
769 1484 878 1547 quis
917 1484 1140 1547 Iuppiter
1174 1487 1405 1533 Anxurus
1441 1484 1567 1534 arvis

144 1564 391 1626 praesidet
428 1575 476 1613 et
513 1565 655 1614 viridi
690 1567 912 1629 gaudens
954 1566 1164 1614 Feronia
1199 1568 1348 1627 luco;

144 1661 243 1707 qua
280 1647 482 1695 Saturae
519 1646 646 1695 iacet
682 1657 785 1695 atra
821 1649 962 1710 palus
999 1646 1290 1710 gelidusque
1326 1664 1413 1711 per
1448 1647 1572 1696 imas

142 1725 333 1789 quaerit
369 1727 459 1776 iter
495 1727 633 1776 vallis
669 1737 819 1791 atque
855 1728 906 1776 in
943 1745 1076 1777 mare
1112 1729 1342 1778 conditur
1376 1731 1546 1778 erns.

213 1809 326 1856 Hos
363 1825 509 1871 super
543 1809 743 1858 advenit
778 1811 962 1858 Volsca
998 1810 1061 1858 de
1096 1819 1242 1873 gente
1279 1809 1490 1860 Camilla

140 1903 320 1950 agmen
356 1906 507 1952 agens
545 1889 767 1953 equiturn
805 1899 854 1938 et
889 1890 1107 1939 florentis
1143 1907 1255 1939 aere
1291 1900 1523 1951 catervas,

141 1968 376 2029 bellatrix,
416 1987 518 2019 non
554 1970 636 2019 illa
672 1973 784 2019 colo
820 1970 1086 2020 calathisve
1124 1971 1379 2020 Minervae

140 2050 378 2099 femineas
415 2053 622 2100 adsueta
659 2069 849 2111 manus,
890 2053 978 2101 sed
1014 2052 1201 2114 proelia
1236 2052 1371 2115 virgo

142 2133 265 2180 dura
299 2132 403 2195 pati
441 2150 686 2196 cursuque
723 2135 910 2196 pedum
947 2143 1251 2197 praevertere
1286 2143 1474 2184 ventos.

140 2211 222 2261 illa
258 2215 335 2261 vel
371 2213 584 2263 intactae
622 2214 799 2277 segetis
836 2231 923 2278 per
959 2230 1153 2263 summa
1187 2217 1374 2264 volaret

138 2294 360 2357 gramina
397 2312 490 2344 nec
528 2305 719 2344 teneras
759 2313 903 2344 cursu
941 2296 1160 2345 laesisset
1195 2296 1380 2356 aristas,

138 2376 216 2423 vel
253 2392 386 2424 mare
421 2393 508 2439 per
545 2376 767 2425 medium
804 2379 958 2425 fluctu
996 2393 1234 2439 suspensa
1268 2377 1479 2425 tumenti

139 2457 283 2504 ferret
319 2456 409 2505 iter
444 2457 614 2505 celeris
652 2475 744 2506 nec
781 2458 989 2520 tingeret
1025 2475 1239 2521 aequore
1274 2460 1479 2520 plantas.

139 2535 272 2584 illam
310 2537 471 2585 omnis
509 2537 649 2586 tectis
686 2538 911 2601 agrisque
948 2540 1102 2587 effusa
1138 2539 1364 2587 iuventus

138 2616 381 2679 turbaque
418 2617 619 2666 miratur
655 2628 866 2667 matrum
904 2628 951 2667 et
988 2628 1269 2683 prospectat
1305 2628 1519 2678 euntem,

137 2696 357 2744 attonitis
395 2697 589 2746 inhians
626 2698 802 2747 animis
839 2708 892 2747 ut
929 2699 1087 2763 regius
1124 2710 1256 2749 ostro

137 2779 265 2825 velet
301 2779 461 2826 honos
497 2778 615 2827 levis
652 2796 862 2838 umeros,
902 2790 955 2828 ut
991 2782 1143 2829 fibula
1178 2781 1363 2829 crinem

137 2874 257 2906 auro
294 2857 599 2918 internectat,
641 2858 843 2921 Lyciam
880 2869 933 2907 ut
969 2869 1103 2922 gerat
1138 2860 1244 2923 ipsa
1279 2862 1558 2922 pharetram

138 2947 186 2985 et
222 2942 516 3000 pastoralem
553 2942 766 3002 praefixa
802 2941 1008 3003 cuspide
1045 2951 1270 3004 myrtum.

183 3040 368 3087 785-817
391 3038 520 3078 MPR
631 3041 707 3079 801
742 3041 924 3080 Asturae
945 3042 1046 3080 alios
1064 3042 1201 3094 legisse
1219 3047 1392 3081 testabar
1403 3043 1518 3082 Serv.

1743 358 1815 408 785

1742 771 1818 814 790

1739 1180 1814 1224 795

1736 1577 1815 1615 800

1734 1981 1810 2031 805

1731 2388 1811 2427 810

1726 2792 1803 2841 815

1630 3045 1710 3092 814
1741 3044 1800 3082 in-

136 3092 280 3144 hians]
301 3093 480 3132 haesere
493 3094 588 3145 P71,
614 3095 660 3144 qs.
683 3109 722 3135 v.
745 3106 826 3145 529
909 3098 988 3145 815
1020 3097 1203 3148 crinem]
1224 3103 1385 3136 vestem
1406 3097 1610 3137 deteriores
1630 3098 1799 3148 quidam
