2014 3372
233 142 286 189 P.
326 142 625 190 VERGILI
663 141 990 190 MARONIS

234 290 425 345 septem
461 281 600 330 illum
638 290 769 330 totos
805 279 1069 343 perhibent
1106 296 1165 329 ex
1200 279 1376 329 ordine
1411 278 1596 329 mensis

233 381 354 427 rupe
391 364 484 412 sub
520 361 650 411 aeria
687 360 869 411 deserti
905 363 971 410 ad
1008 360 1281 424 Strymonis
1318 362 1506 410 undam

235 448 379 494 flesse
416 444 523 504 sibi,
563 453 612 492 et
648 443 821 507 gelidis
859 445 984 492 haec
1021 442 1260 492 evolvisse
1298 443 1390 491 sub
1427 442 1566 491 astris

236 529 539 576 mulcentem
577 525 710 589 tigris
748 534 797 574 et
832 534 1062 589 agentem
1100 524 1317 574 carmine
1354 541 1599 587 quercus3
1828 542 1910 583 510

234 608 392 671 qualis
429 609 645 672 populea
681 624 906 656 maerens
941 606 1213 670 philomela
1249 606 1341 654 sub
1378 606 1555 654 umbra

232 690 440 739 amissos
477 689 696 753 queritur
730 691 872 749 fetus,
913 705 1038 752 quos
1076 690 1227 737 durus
1263 697 1423 736 arator

233 773 499 821 observans
536 770 657 820 nido
694 769 946 834 implumis
985 769 1228 830 detraxit3
1268 779 1318 818 at
1353 768 1436 817 illa

233 856 317 902 flet
354 862 569 912 noctem,
610 869 848 915 ramoque
886 853 1066 900 sedens
1104 850 1383 899 miserabile
1419 866 1619 898 carmen

231 934 454 998 integrat,
494 943 542 982 et
579 933 779 982 maestis
816 935 913 982 late
950 934 1061 981 loca
1097 931 1354 995 questibus
1396 930 1581 993 implet.
1827 948 1905 989 515

235 1019 370 1065 nulla
407 1019 594 1074 Venus,
635 1031 738 1064 non
775 1015 862 1063 ulli
897 1014 1122 1063 animum
1159 1016 1337 1062 flexere
1373 1010 1664 1075 hymenaei:
1870 1023 1872 1025 ’

233 1100 365 1148 solus
405 1098 757 1161 Hyperboreas
793 1096 974 1160 glacies
1012 1094 1325 1158 Tanaimque
1362 1094 1574 1142 nivalem

231 1196 446 1243 arvaque
485 1178 723 1242 Riphaeis
760 1195 1037 1241 numquam
1074 1177 1276 1225 viduata
1312 1175 1499 1239 pruinis

230 1262 482 1321 lustrabat,
522 1269 712 1323 raptam
752 1259 1035 1322 Eurydicen
1074 1267 1223 1321 atque
1261 1257 1406 1306 inrita
1444 1256 1574 1306 Ditis

231 1345 365 1392 dona
401 1358 625 1405 querens.
692 1349 884 1404 spretae
922 1339 1170 1390 Ciconum
1210 1355 1311 1402 quo
1348 1355 1552 1387 munere
1588 1345 1769 1386 matres
1829 1349 1909 1397 520

229 1423 355 1472 inter
391 1439 529 1472 sacra
564 1425 715 1471 deum
753 1420 1083 1483 nocturnique
1121 1419 1254 1483 orgia
1293 1418 1478 1467 Bacchi

229 1505 532 1567 discerptum
568 1506 694 1552 latos
730 1502 962 1551 iuvenem
999 1518 1219 1564 sparsere
1256 1518 1343 1563 per
1379 1516 1533 1563 agros

229 1596 334 1634 tum
373 1602 574 1648 quoque
610 1600 886 1633 marmorea
921 1593 1071 1646 caput
1106 1600 1135 1631 a
1173 1582 1362 1632 cervice
1400 1583 1648 1631 revulsum

228 1666 416 1730 gurgite
453 1684 567 1715 cum
604 1666 773 1715 medio
809 1674 1011 1728 portans
1050 1664 1290 1728 Oeagrius
1331 1664 1533 1712 Hebrus

228 1750 457 1808 volveret,
498 1747 780 1810 Eurydicen
817 1763 912 1796 vox
947 1746 1054 1810 ipsa
1091 1755 1140 1795 et
1176 1745 1351 1810 frigida
1387 1744 1555 1808 lingua
1827 1754 1904 1801 525
1985 1762 2004 1800 j

227 1847 257 1878 a
293 1829 521 1878 miseram
561 1828 871 1892 Eurydicen!
920 1828 1087 1876 anima
1123 1827 1341 1891 fugiente
1378 1825 1620 1875 vocabat:
1795 1836 1798 1839 ’

230 1911 511 1974 Eurydicen
549 1920 655 1959 toto
692 1911 969 1959 referebant
1006 1909 1211 1958 flumine
1250 1908 1415 1972 ripae.⁷

299 1996 444 2042 Haec
481 1996 702 2053 Proteus,
742 2002 791 2041 et
827 2010 879 2042 se
915 1992 1047 2041 iactu
1085 1991 1225 2041 dedit
1264 2008 1450 2055 aequor
1486 1990 1537 2039 in
1573 1991 1743 2048 altum,

229 2093 426 2140 quaque
462 2075 615 2135 dedit,
655 2083 972 2138 spumantem
1010 2075 1197 2123 undam
1238 2074 1332 2122 sub
1369 2071 1550 2122 vertice
1587 2069 1738 2119 torsit.

297 2161 365 2207 At
402 2174 504 2206 non
542 2159 735 2220 Cyrene
753 2175 767 2217 3
802 2172 1020 2218 namque
1057 2157 1186 2204 ultro
1225 2156 1391 2204 adfata
1416 2153 1708 2202 timentem:
1826 2167 1906 2208 530

230 2245 385 2300 ‘nate‚
425 2239 540 2289 licet
577 2238 724 2287 tristis
760 2237 929 2287 animo
966 2239 1218 2300 deponere
1257 2254 1410 2286 curas.

227 2324 350 2371 haec
388 2320 550 2370 omnis
587 2319 748 2369 morbi
785 2336 948 2379 causa,
988 2318 1106 2368 hinc
1144 2318 1422 2368 miserabile
1460 2316 1739 2380 Nymphae,

227 2420 342 2452 cum
379 2402 560 2466 quibus
597 2401 679 2450 illa
715 2403 892 2450 choros
929 2400 1053 2449 lucis
1098 2400 1315 2464 agitabat
1352 2399 1402 2447 in
1439 2398 1563 2457 altis,

228 2483 430 2532 exitium
467 2482 643 2531 misere
678 2482 869 2545 apibus.
945 2491 999 2530 tu
1036 2499 1242 2531 munera
1278 2483 1485 2545 supplex

230 2567 380 2614 tende
416 2574 590 2628 petens
626 2581 815 2627 pacem,
858 2573 906 2613 et
942 2563 1098 2613 facilis
1135 2580 1368 2613 venerare
1405 2565 1667 2625 Napaeas;
1822 2578 1901 2618 535

228 2664 444 2711 namque
481 2647 673 2696 dabunt
708 2646 905 2695 veniam
943 2646 1084 2705 votis,
1124 2645 1317 2709 irasque
1352 2644 1615 2694 remittent.

228 2732 317 2780 sed
354 2731 533 2779 modus
567 2729 742 2778 orandi
781 2728 867 2792 qui
904 2728 966 2777 sit
1001 2727 1135 2791 prius
1173 2727 1347 2777 ordine
1383 2727 1561 2776 dicam.

282 2863 467 2910 507—'521
490 2859 609 2909 MR;
640 2871 832 2909 522—534
849 2858 1044 2907 FMRV3
1071 2869 1259 2908 535-537
1276 2855 1490 2896 FGMRV
1673 2864 1756 2903 509
1776 2852 1901 2891 flesse

227 2915 305 2954 sibi
321 2921 364 2954 et
377 2914 443 2955 R:
476 2915 644 2954 flevisse
660 2921 702 2953 et
716 2913 866 2964 Μγὸοπ
949 2913 1074 2952 astris
1088 2912 1151 2950 R:
1174 2911 1309 2951 antris
1324 2910 1449 2961 M7bc
1582 2920 1661 2957 524
1682 2906 1850 2946 medius
1867 2905 1910 2944 F

228 2971 309 3019 526
329 2982 410 3008 om.
431 2969 472 3007 F
578 2981 655 3018 531
682 2980 939 3018 componere
953 2966 1003 3004 M
1010 2967 1019 2989 ¹
