2014 3372
1350 144 1714 193 AENEIDOS
1749 144 1800 191 X

129 285 171 334 si
206 302 304 349 qua
340 286 490 334 fidem
526 292 665 333 tanto
700 292 776 333 est
811 283 950 347 operi
985 285 1142 332 latura
1176 291 1407 343 vetustas,

129 383 232 415 non
269 365 501 430 equidem
537 382 630 413 nec
665 374 727 423 te,
766 364 957 413 iuvenis
993 366 1328 423 memorande,
1369 363 1539 413 silebo.

199 450 290 496 Ille
325 449 506 511 pedem
542 448 755 495 referens
792 455 840 495 et
875 445 1061 494 inutilis
1097 446 1249 509 inque
1285 446 1460 508 ligatus

128 530 341 578 cedebat
377 528 638 592 clipeoque
674 527 931 576 inimicum
968 527 1144 576 hastile
1181 527 1418 576 trahebat.
1722 544 1796 588 795

128 609 368 673 proripuit
402 608 592 657 iuvenis
628 625 835 671 seseque
870 607 1138 656 immiscuit
1171 607 1333 667 armis,

128 689 328 753 iamque
363 689 670 753 adsurgentis
707 691 877 738 dextra
911 691 1208 752 plagamque
1243 688 1442 737 ferentis

129 774 331 827 Aeneae
368 770 517 819 subiit
553 788 843 819 mucronem
880 770 1143 833 ipsumque
1181 771 1422 818 morando

127 852 393 913 sustinuit3
441 851 562 901 socii
599 869 780 915 magno
817 854 1034 900 clamore
1071 860 1355 915 sequuntur,

126 935 250 982 dum
286 933 476 996 genitor
511 933 614 981 nati
649 950 821 996 parma
854 942 1105 996 protectus
1141 932 1311 991 abiret,
1716 941 1799 980 800

129 1017 325 1077 telaque
362 1014 615 1062 coniciunt
652 1015 1039 1077 perturbantque
1074 1013 1269 1062 eminus
1306 1015 1502 1062 hostem

129 1095 407 1143 missilibus.
481 1095 595 1142 furit
630 1098 825 1143 Aeneas
861 1103 1120 1156 tectusque
1156 1103 1291 1142 tenet
1327 1110 1392 1142 se.

127 1193 187 1224 ac
222 1178 355 1224 velut
391 1177 543 1224 effusa
580 1175 619 1223 si
657 1177 859 1238 quando
894 1175 1131 1238 grandine
1167 1174 1325 1223 nimbi

127 1253 464 1316 praecipitant,
504 1253 666 1302 omnis
703 1252 889 1316 campis
926 1252 1118 1316 diffugit
1152 1261 1314 1301 arator

128 1334 291 1383 omnis
328 1344 376 1383 et
411 1334 635 1398 agricola,
676 1343 725 1383 et
760 1343 866 1382 tuta
900 1336 1019 1383 latet
1052 1351 1164 1383 arce
1199 1333 1356 1383 viator
1718 1344 1795 1394 805

125 1424 213 1464 aut
248 1416 408 1464 amnis
444 1416 560 1479 ripis
595 1426 681 1465 aut
715 1416 801 1465 alti
836 1416 1022 1465 fornice
1058 1417 1173 1476 saxi,

127 1499 250 1546 dum
287 1497 411 1560 pluit
448 1497 499 1546 in
537 1498 686 1557 terris,
727 1508 781 1546 ut
817 1497 1009 1561 possint
1045 1500 1149 1547 sole
1184 1499 1392 1548 reducto

128 1596 352 1628 exercere
390 1579 557 1628 diem:
608 1579 678 1627 sic
714 1580 920 1627 obrutus
956 1579 1179 1641 undique
1215 1579 1324 1627 telis

128 1663 324 1709 Aeneas
362 1661 549 1708 nubem
587 1659 718 1719 belli,
757 1661 878 1708 dum
915 1661 1119 1708 detonet
1156 1659 1332 1719 omnis,

130 1740 337 1790 sustinet
373 1751 422 1789 et
459 1743 679 1789 Lausum
715 1740 974 1804 increpitat
1011 1743 1276 1803 Lausoque
1312 1740 1558 1790 minatur:
1719 1750 1799 1788 810

132 1827 261 1886 ‘quo
298 1822 530 1871 moriture
568 1822 665 1870 ruis
703 1821 988 1883 maioraque
1023 1821 1206 1870 viribus
1242 1823 1436 1870 audes?

128 1905 249 1953 fallit
286 1915 333 1953 te
370 1905 622 1953 incautum
659 1903 814 1967 pietas
852 1905 965 1951 tua.'
1035 1920 1127 1951 nec
1164 1902 1327 1951 minus
1363 1903 1444 1951 ille

128 1991 336 2037 exsultat
372 1991 590 2047 demens,
632 2004 807 2036 saevae
842 1987 1042 2048 iamque
1078 1984 1221 2033 altius
1258 1985 1356 2033 irae

130 2069 384 2118 Dardanio
422 2078 624 2132 surgunt
660 2067 868 2126 ductori,
907 2075 1222 2127 extremaque
1258 2067 1424 2114 Lauso

129 2152 311 2199 Parcae
347 2153 429 2200 fila
464 2154 666 2215 legunt:
716 2149 935 2198 validum
973 2163 1189 2209 namque
1226 2145 1371 2208 exigit
1407 2163 1577 2195 ensem
1716 2156 1792 2205 815

127 2249 215 2295 per
250 2234 470 2283 medium
508 2237 705 2284 Aeneas
742 2233 972 2281 iuvenem
1010 2238 1271 2290 totumque
1306 2227 1542 2276 recondit.

128 2316 315 2364 transiit
352 2325 399 2365 et
435 2333 655 2380 parmam
692 2332 877 2374 mucro,
916 2311 1042 2360 levia
1076 2325 1212 2357 arma
1247 2307 1466 2366 minacis,

129 2406 178 2445 et
214 2398 431 2446 tunicam
468 2398 605 2447 molli
642 2408 797 2446 mater
834 2413 983 2459 quam
1021 2400 1219 2441 neverat
1254 2406 1386 2448 auro,

128 2476 448 2541 implevitque
484 2479 647 2527 sinum
684 2478 914 2540 sanguis3
963 2485 1069 2524 tum
1107 2472 1206 2520 vita
1241 2487 1328 2534 per
1361 2487 1502 2518 auras

128 2559 372 2607 concessit
408 2569 594 2608 maesta
628 2561 693 2608 ad
730 2558 888 2607 manis
926 2571 1204 2618 corpusque
1242 2551 1448 2614 reliquit.
1715 2562 1795 2600 820

186 2688 371 2737 792—820
410 2686 541 2725 MPR
855 2688 935 2736 796
964 2685 1156 2736 prorupit
1195 2684 1277 2722 PR
1315 2682 1510 2721 Ribbeck:
1558 2681 1794 2731 prorumpit

129 2742 295 2792 Bentley
407 2754 483 2790 797
506 2742 682 2779 dextrae
702 2739 809 2779 P²crr
827 2741 1029 2779 deteriores
1043 2738 1212 2790 quidam
1225 2737 1337 2777 Ser-v.
1456 2736 1535 2785 798
1555 2735 1711 2784 subigit
1725 2733 1775 2771 M
1781 2734 1792 2756 ¹

128 2797 210 2845 804
243 2808 404 2834 comma
432 2799 528 2845 post
558 2800 699 2833 arator
722 2795 843 2844 ponit
870 2793 1056 2833 Deuticke
1271 2794 1351 2841 805
1382 2805 1479 2830 arce
1512 2788 1798 2827 Moretanusl

130 2849 459 2888 Canonicianus:
489 2854 578 2887 arte
599 2848 710 2886 ceteri
724 2847 780 2887 D.
804 2847 920 2887 Serv.
1033 2849 1111 2896 807
1140 2847 1275 2896 possit
1297 2846 1347 2885 M
1351 2846 1433 2884 ²R²
1516 2846 1598 2893 809
1625 2856 1792 2881 omnem

128 2902 295 2953 Bentley
403 2905 485 2941 812
515 2902 631 2941 fallet
651 2908 694 2941 te
712 2901 780 2942 P:
818 2902 962 2941 fallete
982 2901 1026 2953 7¹
1046 2916 1055 2940 ε
1085 2901 1218 2939 fallite
1238 2901 1280 2939 R
1389 2902 1469 2948 815
1493 2898 1583 2949 fila]
1605 2898 1690 2935 lina
1710 2896 1793 2947 Ραγ2

128 2957 208 3006 817
230 2958 413 2996 transilit
437 2956 545 2995 a⁹cm
580 2956 783 2995 deten'ores
815 2956 986 3006 quidam
1024 2955 1221 2994 Ribbeck:
1252 2954 1452 2993 transiliit
1485 2968 1540 2992 vr:
1572 2953 1722 2992 transit
1749 2951 1793 2989 R

130 3011 375 3050 Lachmann
487 3012 568 3062 819
596 3011 715 3050 sinus
736 3009 921 3060 M172b2n
