2014 3372
211 128 264 193 P.
305 146 605 194 VERGILI
646 145 971 195 MARONIS

211 288 434 352 coniugis
472 298 520 338 et
558 305 752 352 sparsos
790 290 1002 337 fraterna
1038 289 1194 338 caede
1229 287 1421 353 penatis

211 372 344 418 solus
382 369 464 417 hic
500 368 688 417 inflexit
725 386 898 418 sensus
935 369 1259 433 animumque
1294 371 1548 419 labantem

210 450 420 514 impulit.
495 468 714 514 agnosco
750 450 926 500 veteris
962 451 1167 515 vestigia
1202 454 1445 501 flammae.

211 534 301 581 sed
337 531 460 580 mihi
495 535 573 581 vel
610 534 755 581 tellus
793 541 962 596 optem
999 532 1133 596 prius
1170 532 1270 582 ima
1307 533 1530 582 dehiscat

210 615 287 661 vel
323 622 463 676 pater
499 612 819 676 omnipotens
855 613 1022 677 abigat
1058 631 1139 662 me
1175 613 1383 663 fulmine
1418 617 1483 663 ad
1519 614 1733 674 umbras,
1841 633 1890 674 25

209 696 439 760 pallentis
476 697 677 745 umbras
716 697 883 745 Erebo
920 706 1223 761 noctemque
1258 698 1573 760 profundam,

209 787 337 837 ante,
378 765 554 841 pudor,
594 795 746 841 quam
783 787 832 827 te
867 778 1001 827 violo
1036 788 1122 827 aut
1157 788 1243 826 tua
1276 778 1383 827 iura
1417 780 1624 827 resolvo.

209 858 292 907 ille
328 877 480 918 meos,
522 859 709 923 primus
747 859 833 923 qui
869 877 950 908 me
987 859 1081 908 sibi
1116 859 1287 919 iunxit,
1325 876 1520 908 amores

209 941 412 989 abstulit
429 959 442 1002 3
491 940 573 989 ille
610 942 792 990 habeat
829 958 1000 990 secum
1037 951 1297 1004 servetque
1333 942 1593 1004 sepulcro.'

209 1023 280 1071 sic
317 1025 462 1072 effata
499 1023 665 1072 sinum
701 1023 915 1072 lacrimis
953 1023 1175 1087 implevit
1211 1022 1411 1073 obortis.
1840 1043 1894 1082 30

278 1107 429 1152 Anna
464 1106 639 1153 refert:
682 1108 739 1153 ‘o
776 1107 887 1153 luce
924 1104 1079 1167 magis
1117 1104 1299 1153 dilecta
1334 1103 1503 1164 sorori,

210 1187 381 1234 solane
417 1195 658 1248 perpetua
694 1203 919 1234 maerens
957 1202 1156 1248 carpere
1192 1184 1393 1234 iuventa

210 1284 304 1315 nec
341 1266 500 1316 dulcis
537 1276 683 1315 natos
712 1266 922 1315 Veneris
959 1283 1053 1315 nec
1089 1266 1307 1329 praemia
1342 1257 1513 1315 noris?

209 1347 261 1397 id
298 1347 515 1397 cinerem
551 1357 637 1396 aut
674 1348 834 1397 manis
871 1347 1030 1397 credis
1067 1365 1237 1397 curare
1273 1350 1530 1411 sepultos?
1608 1337 1610 1339 ⁵

210 1439 346 1479 esto:
388 1447 587 1494 aegram
624 1429 747 1477 nulli
783 1431 1039 1492 quondam
1077 1431 1255 1478 flexere
1291 1428 1464 1488 mariti,
1839 1434 1890 1488 35

209 1529 313 1561 non
352 1511 553 1574 Libyae,
593 1529 697 1560 non
733 1520 850 1559 ante
880 1514 1014 1574 Tyro
1034 1529 1047 1571 3
1090 1513 1354 1574 despectus
1392 1511 1563 1560 Iarbas

208 1597 542 1657 ductoresque
578 1593 674 1654 alii,
715 1611 841 1657 quos
874 1592 1042 1642 Africa
1078 1602 1205 1642 terra
1240 1592 1500 1656 triumphis

209 1675 346 1724 dives
382 1674 497 1724 alit:
541 1674 792 1739 placitone
828 1673 977 1723 etiam
1014 1674 1257 1738 pugnabis
1293 1673 1486 1731 amori?

210 1773 304 1804 nec
340 1755 475 1805 venit
511 1755 563 1804 in
600 1765 822 1805 mentem
859 1773 1072 1819 quorum
1108 1755 1391 1804 consederis
1427 1755 1590 1804 arvis?

208 1837 327 1886 hinc
365 1839 606 1886 Gaetulae
642 1838 803 1897 urbes,
844 1853 1000 1901 genus
1037 1836 1369 1899 insuperabile
1405 1837 1552 1896 bello,
1835 1856 1894 1898 40

208 1927 257 1967 et
296 1918 549 1967 Numidae
585 1918 765 1966 infreni
801 1917 1006 1980 cingunt
1043 1926 1091 1965 et
1127 1917 1378 1980 inhospita
1415 1916 1565 1980 Syrtis
1582 1935 1598 1978 3

208 2000 327 2048 hinc
363 2001 559 2049 deserta
595 1998 675 2047 siti
711 1998 845 2061 regio
881 2000 1079 2062 lateque
1115 2000 1331 2047 furentes

210 2081 427 2130 Barcaei.
504 2080 626 2144 quid
662 2081 795 2129 bella
823 2082 957 2143 Tyro
994 2078 1243 2143 surgentia
1278 2078 1443 2128 dicam

208 2162 531 2226 germanique
568 2161 765 2210 minas?

208 2243 284 2292 dis
323 2243 559 2306 equidem
596 2242 882 2305 auspicibus
919 2259 1029 2291 reor
1065 2251 1114 2290 et
1153 2244 1349 2290 Iunone
1385 2236 1608 2290 secunda
1835 2256 1888 2302 45

208 2327 343 2374 hunc
380 2342 579 2374 cursum
619 2323 795 2373 Iliacas
831 2333 982 2373 vento
1018 2323 1237 2373 tenuisse
1273 2323 1476 2372 carinas.
1879 2315 1881 2317 ¹

209 2424 360 2470 quam
394 2416 447 2455 tu
481 2407 671 2465 urbem,
706 2422 857 2465 soror,
887 2407 1019 2453 hanc
1053 2421 1237 2464 cernes,
1266 2421 1394 2467 quae
1427 2420 1623 2468 surgere
1655 2396 1805 2467 regna
1853 2395 1856 2397 ’
1883 2433 1885 2437 .

208 2488 441 2552 coniugio
478 2487 593 2536 tali!
642 2490 894 2536 Teucrum
932 2485 1286 2535 comitantibus
1321 2486 1469 2534 armis
1513 2479 1517 2483 ⁴
1713 2478 1717 2482 ’

208 2569 399 2618 Punica
435 2586 487 2618 se
524 2558 722 2632 quantis
758 2570 948 2617 attollet
983 2567 1138 2630 gloria
1172 2568 1348 2616 rebus!

208 2662 261 2701 tu
299 2653 454 2701 modo
489 2668 642 2715 posce
678 2652 801 2699 deos
837 2649 1046 2709 veniam,
1088 2649 1335 2713 sacrisque
1371 2649 1519 2699 litatis
1834 2669 1888 2710 50

262 2794 398 2832 21—37
417 2780 652 2830 FGMPR3
674 2783 811 2831 38-50
821 2780 988 2819 FMPR
1100 2793 1151 2830 25
1169 2781 1309 2830 ad'gat
1329 2779 1589 2830 GMPR72bc
1687 2781 1741 2818 26
1759 2779 1885 2818 Erebi

208 2834 434 2887 MP27'1bcn
453 2837 634 2888 agnoscit
651 2836 765 2875 Serv.
917 2849 969 2884 27
1001 2835 1122 2886 ante]
1146 2842 1294 2874 sancte
1315 2833 1543 2874 Markland
1675 2835 1730 2882 36
1752 2833 1886 2884 Libya

206 2891 265 2931 Pl
305 2892 420 2931 Serv.
591 2904 645 2939 40
674 2890 984 2942 insuperabile]
1025 2890 1289 2929 intractabile
1327 2889 1371 2926 R
1539 2901 1589 2937 41
1622 2892 1718 2927 ante
1753 2901 1789 2927 v.
1831 2901 1886 2937 40

208 2947 387 2985 conlocat
404 2945 617 2994 Immz'sch,
630 2945 813 2993 fortasse
831 2949 927 2983 recte
1110 2958 1163 2993 42
1184 2943 1397 2994 furentes]
1419 2949 1624 2992 vagantes
1646 2956 1666 2982 c
1681 2941 1888 2982 detenbres

207 3000 395 3040 Isidorus
505 3013 558 3049 43
591 2999 789 3050 Barcaei]
811 2998 995 3038 Vaccaei
1014 2998 1204 3038 Isidorus
1221 3000 1320 3050 orig.
1340 2998 1396 3037 ix.
1420 3010 1457 3048 2,
1479 3009 1554 3047 107
