2014 3372
233 142 284 189 P.
325 142 625 191 VERGILI
669 143 928 193 MARON
935 144 995 192 IS

230 280 523 343 impediunt,
565 280 787 344 fallitque
825 282 971 330 timor
1006 282 1207 346 regione
1241 282 1445 344 viarum,
1740 281 1743 283 ’
1815 288 1817 291 ’
1828 295 1908 347 385

230 361 382 411 Nisus
418 361 521 411 abit
539 380 552 423 3
603 362 804 425 iamque
841 362 1131 425 imprudens
1168 373 1388 414 evaserat
1424 364 1581 414 hostis

227 453 377 507 atque
414 446 551 493 locos
590 444 675 508 qui
713 454 825 508 post
862 445 1022 495 Albae
1059 447 1122 495 de
1158 446 1362 496 nomine
1399 447 1520 496 dicti

226 525 412 575 Albani
449 526 576 591 (tum
614 544 697 575 rex
735 527 929 575 stabula
963 529 1062 575 alta
1099 527 1304 576 Latinus
1340 528 1593 596 habebat),

226 617 281 656 ut
317 608 450 657 stetit
486 617 535 658 et
571 610 746 657 frustra
784 609 1044 659 absentem
1081 609 1292 673 respexit
1327 610 1572 659 amicum:

229 693 241 715 ‘
262 692 473 752 Euryale
508 690 688 750 infelix,
730 707 829 754 qua
866 700 914 739 te
950 690 1150 753 regione
1186 690 1397 754 reliqui?
1829 711 1908 756 390

226 788 386 835 quave
423 774 669 835 sequar?'
718 789 882 821 rursus
922 774 1210 835 perplexum
1246 771 1337 821 iter
1372 789 1523 822 omne
1558 774 1815 823 revolvens

225 853 410 902 fallacis
449 853 598 902 silvae
636 852 782 901 simul
820 862 868 902 et
906 853 1111 916 vestigia
1146 862 1274 902 retro

225 934 484 983 observata
520 934 636 997 legit
674 934 939 998 dumisque
977 933 1235 983 silentibus
1272 943 1410 983 errat.

223 1017 363 1067 audit
400 1034 570 1080 eqUOS,
609 1017 748 1066 audit
785 1017 1016 1080 strepitus
1054 1026 1102 1065 et
1139 1016 1277 1080 signa
1318 1026 1629 1080 sequentum.

224 1115 318 1147 nec
354 1100 560 1162 longum
596 1098 648 1146 in
687 1098 854 1148 medio
892 1107 1102 1162 tempus,
1143 1116 1258 1147 cum
1295 1100 1480 1148 clamor
1515 1100 1580 1148 ad
1616 1098 1745 1148 auris
1825 1119 1901 1162 395

224 1180 446 1243 pervenit
483 1198 542 1229 ac
578 1180 713 1230 videt
753 1182 1036 1243 Euryalum,
1077 1197 1227 1243 quem
1264 1179 1363 1228 iam
1400 1196 1577 1228 manus
1614 1179 1777 1229 omnis

222 1264 394 1312 fraude
431 1262 529 1312 loci
566 1271 614 1312 et
649 1262 825 1322 noctis,
865 1262 1030 1311 subito
1067 1263 1296 1311 turbante
1332 1263 1561 1321 tumultu,

223 1361 516 1408 oppressum
553 1344 678 1407 rapit
715 1353 764 1393 et
800 1353 1067 1394 conantem
1103 1343 1314 1408 plurima
1349 1345 1536 1392 frustra.

222 1425 345 1489 quid
378 1426 567 1475 faciat?
615 1443 714 1489 qua
749 1426 796 1474 vi
832 1426 1077 1486 iuvenem,
1118 1426 1298 1489 quibus
1334 1427 1515 1475 audeat
1550 1425 1696 1475 armis

222 1508 446 1572 eripere?
495 1526 560 1557 an
598 1524 705 1557 sese
743 1507 935 1557 medios
974 1506 1237 1556 moriturus
1274 1507 1326 1555 in
1364 1506 1494 1556 ensis
1817 1527 1901 1568 400

220 1590 396 1640 inferat
432 1599 481 1639 et
518 1591 775 1652 pulchram
812 1598 1041 1653 properet
1077 1606 1163 1652 per
1198 1591 1401 1638 vulnera
1436 1591 1683 1638 mortem?

220 1671 359 1721 ocius
396 1673 617 1720 adducto
654 1679 891 1734 torquens
928 1670 1103 1719 hastile
1140 1672 1324 1719 lacerto
1733 1661 1735 1663 ’

220 1753 495 1816 suspiciens
531 1754 682 1801 altam
721 1755 917 1800 Lunam
955 1752 1024 1800 sic
1060 1769 1184 1801 voce
1219 1746 1474 1815 precatur:

221 1839 316 1895 ‘tu‚
357 1836 465 1894 dea,
505 1843 558 1883 tu
594 1851 826 1897 praesens
863 1843 1034 1883 nostro
1071 1850 1299 1883 succurre
1335 1834 1505 1894 labori,

216 1926 460 1966 astrorum
498 1917 652 1965 decus
690 1925 738 1964 et
775 1932 1037 1964 nemorum
1075 1916 1286 1964 Latonia
1323 1925 1502 1965 custos.
1814 1938 1895 1979 405

217 1999 257 2047 si
295 2016 393 2062 qua
428 1997 524 2047 tuis
561 2014 801 2061 umquam
837 2014 927 2060 pro
964 2014 1045 2047 me
1080 2005 1218 2061 pater
1257 1999 1506 2060 Hyrtacus
1542 1997 1636 2047 aris
1839 1991 1843 1994 ⁴

216 2083 350 2129 dona
386 2079 509 2140 tulit,
551 2079 591 2129 si
628 2096 726 2142 qua
762 2079 868 2141 ipse
905 2078 1027 2128 meis
1063 2078 1323 2128 venatibus
1361 2079 1473 2127 auxi

215 2161 514 2226 suspendive
552 2163 691 2210 tholo
727 2170 812 2209 aut
849 2178 986 2209 sacra
1020 2162 1086 2210 ad
1122 2160 1313 2224 fastigia
1349 2161 1445 2220 fixi,

215 2246 349 2292 hunc
386 2243 491 2292 sine
529 2260 609 2292 me
645 2243 841 2291 turbare
877 2243 1083 2305 globum
1119 2252 1168 2291 et
1204 2259 1316 2305 rege
1354 2245 1451 2292 tela
1487 2260 1574 2307 per
1608 2245 1781 2293 auras.'

214 2326 402 2375 dixerat
438 2334 486 2374 et
523 2334 629 2374 toto
667 2324 872 2373 conixus
910 2341 1115 2387 corpore
1153 2326 1334 2373 ferrum
1764 2391 1766 2393 .
1811 2345 1893 2387 410

213 2407 409 2456 conicit.
484 2408 625 2455 hasta
660 2408 831 2455 volans
869 2406 1029 2455 noctis
1069 2406 1345 2456 diverberat
1381 2406 1582 2455 umbras

213 2498 261 2537 et
298 2488 432 2538 venit
467 2487 624 2537 aversi
660 2488 711 2536 in
748 2495 940 2550 tergum
979 2487 1230 2537 Sulmonis
1267 2487 1437 2552 ibique

243 2619 457 2669 '385-405
488 2617 686 2669 MFRV3
734 2622 925 2669 406-412
957 2619 1090 2658 MPR
1337 2620 1416 2669 387
1447 2624 1573 2668 atque
1603 2617 1721 2658 locos
1748 2615 1890 2667 ΜΡγὸ

210 2673 419 2713 deteriores
432 2673 642 2725 plerique:
682 2675 822 2724 adque
843 2675 961 2715 locos
980 2675 1023 2713 R
1039 2689 1047 2713 t
1082 2680 1210 2724 atque
1232 2673 1349 2713 luc'os
1370 2673 1437 2712 a2c
1457 2673 1665 2712 deten·ores
1684 2671 1858 2723 quidam
1878 2684 1887 2710 ε

210 2741 257 2767 ac
274 2729 393 2771 lucos
414 2730 483 2767 m?
500 2727 650 2778 probat
663 2728 877 2770 Deuticke:
909 2736 1038 2780 atque
1060 2729 1165 2769 locis
1191 2729 1343 2778 Geertz,
1358 2729 1508 2779 probat
1524 2727 1700 2778 Madvzjg·
1807 2739 1885 2776 391

210 2783 400 2822 resolves
430 2782 497 2821 Ml
679 2797 760 2833 400
790 2783 926 2836 ensis]
949 2785 1085 2824 hostis
1107 2783 1198 2823 MR
1207 2784 1264 2823 Vb
1283 2783 1339 2824 D.
1363 2783 1479 2823 Serv.
1649 2793 1730 2831 403
1760 2781 1887 2820 altam

210 2838 352 2877 lunam
389 2844 431 2877 et
467 2838 579 2878 codd.
615 2839 764 2891 optimi
792 2844 958 2891 praeter
993 2840 1036 2878 R
1074 2839 1150 2890 qui
1185 2839 1311 2877 altam
1350 2838 1403 2876 ad
1443 2838 1584 2876 lunam
1623 2842 1667 2875 et
1698 2834 1885 2886 praebet:

207 2892 351 2942 altum,
373 2893 535 2932 Lunam
549 2893 696 2944 Bergk,
708 2894 857 2945 probat
871 2894 1097 2946 Giithling:
1124 2893 1250 2933 altam
1266 2898 1307 2932 et
1320 2893 1462 2932 lunam
1475 2891 1667 2930 Ribbeck:
1693 2887 1885 2939 suspicit,

209 2950 286 2987 en!
322 2946 449 2987 altam
470 2948 613 2987 lunam
633 2954 676 2987 et
691 2949 886 2999 proponit
904 2948 1094 2988 Deuticke
1299 2961 1379 2997 412
1409 2946 1577 2986 adversi
1598 2944 1710 2984 codd.
1728 2947 1889 2996 praeter

207 3000 638 3053 Rottendorphianum
653 3002 713 3052 II,
736 3003 914 3052 Nonius,
939 3003 1072 3055 recipit
1094 3002 1317 3054 Gathling:
1350 3001 1517 3042 abversi
1539 2999 1709 3039 Ribbeck
