2014 3372
1350 161 1714 212 AENEIDOS
1754 161 1812 208 II

139 296 377 361 aspiciam
411 307 496 347 aut
532 297 673 347 Grais
710 298 943 347 servitum
981 298 1217 348 matribus
1254 299 1351 359 ibo,

141 378 388 427 Dardanis
425 388 473 428 et
509 378 652 428 divae
687 379 894 428 Veneris
931 397 1112 441 nurus3

140 460 228 507 sed
268 476 348 507 me
385 477 562 523 magna
597 461 748 508 deum
784 460 1003 523 genetrix
1038 461 1113 509 his
1150 460 1339 510 detinet
1374 461 1483 510 oriS.

138 539 336 603 iamque
374 543 481 589 vale
518 551 565 589 et
601 541 703 589 nati
740 559 878 590 serva
913 542 1193 591 communis
1228 544 1480 592 amorem.'

141 622 264 669 haec
300 621 386 669 ubi
422 621 554 670 dicta
589 622 740 682 dedit,
780 622 1118 672 lacrimantem
1155 633 1204 672 et
1240 626 1395 672 multa
1429 624 1681 673 volentem
1732 638 1812 684 790

141 700 305 750 dicere
341 703 568 762 deseruit,
609 703 871 767 tenuisque
907 703 1106 753 recessit
1142 703 1193 752 in
1228 722 1383 753 auras.

140 791 213 830 ter
249 793 455 831 conatus
491 783 560 832 ibi
596 786 725 832 collo
762 787 879 833 dare
916 785 1146 834 bracchia
1183 785 1401 846 circum3

137 872 208 910 ter
243 865 418 911 frustra
453 881 746 927 comprensa
784 883 959 914 manus
996 866 1164 930 effugit
1199 867 1377 930 imago,

135 960 223 1006 par
258 944 448 993 levibus
486 946 643 994 ventis
681 947 967 1010 volucrique
1003 947 1251 996 simillima
1286 964 1478 996 somno.

136 1023 206 1072 sic
244 1025 447 1072 demum
485 1025 645 1074 socios
683 1038 979 1091 consumpta
1013 1037 1161 1077 nocte
1197 1028 1368 1077 reviso.
1727 1042 1806 1088 795

202 1107 368 1167 Atque
404 1105 486 1154 hic
522 1106 775 1169 ingentem
813 1108 1054 1156 comitum
1089 1108 1353 1156 adfluxisse
1390 1124 1634 1156 novorum

134 1185 334 1233 invenio
369 1187 618 1235 admirans
655 1205 931 1247 numerum,
970 1198 1249 1251 matresque
1285 1189 1526 1252 virosque,

136 1269 395 1315 collectam
433 1267 602 1316 exsilio
639 1269 839 1331 pubem,
879 1268 1155 1317 miserabile
1191 1270 1378 1332 vulgus.

134 1348 358 1411 undique
394 1365 670 1397 convenere
705 1334 882 1398 animis
919 1350 1198 1413 opibusque
1234 1349 1388 1413 parati

134 1430 185 1477 in
222 1445 563 1492 quascumque
599 1429 746 1478 velim
782 1432 959 1493 pelago
995 1432 1243 1479 deducere
1279 1440 1441 1478 terras.
1726 1438 1807 1476 800

134 1510 332 1572 iamque
367 1509 491 1573 iugis
528 1527 751 1558 summae
787 1511 1016 1574 surgebat
1053 1511 1250 1559 Lucifer
1286 1512 1409 1559 Idae

136 1577 452 1653 ducebatque
488 1590 634 1651 diem,
677 1591 939 1654 Danaique
975 1592 1178 1640 obsessa
1212 1592 1449 1640 tenebant

135 1672 306 1720 limina
341 1681 607 1735 portarum,
646 1690 740 1721 nec
776 1690 889 1736 spes
926 1673 1033 1736 opis
1070 1675 1170 1721 ulla
1205 1674 1426 1722 dabatur.

135 1753 259 1802 cessi
296 1763 343 1802 et
380 1755 575 1803 sublato
612 1754 794 1803 montis
830 1754 1050 1818 genitore
1086 1754 1249 1818 petivi.

269 1882 455 1933 786-804
476 1881 569 1921 MP
787 1885 868 1934 804
898 1890 1086 1923 montem
1106 1883 1203 1936 Ργα
1226 1883 1286 1937 (in
1309 1884 1473 1935 rasura)
1494 1897 1539 1921 επ
1558 1882 1673 1924 Serv.

190 3074 318 3102 νεαρ.
1640 3075 1690 3115 11
