<?xml version="1.0" encoding="UTF-8"?>
<!DOCTYPE html PUBLIC "-//W3C//DTD XHTML 1.0 Transitional//EN"
    "http://www.w3.org/TR/xhtml1/DTD/xhtml1-transitional.dtd">
<html xmlns="http://www.w3.org/1999/xhtml" xml:lang="en" lang="en">
 <head>
  <title>
</title>
<meta http-equiv="Content-Type" content="text/html;charset=utf-8" />
  <meta name='ocr-system' content='tesseract 3.04.00' />
  <meta name='ocr-capabilities' content='ocr_page ocr_carea ocr_par ocr_line ocrx_word'/>
</head>
<body>
  <div class='ocr_page' id='page_1' title='image "./operarecognovitb00virguoft_0119.png"; bbox 0 0 2014 3372; ppageno 0'>
   <div class='ocr_carea' id='block_1_1' title="bbox 1283 169 1819 219">
    <p class='ocr_par' dir='ltr' id='par_1_1' title="bbox 1283 169 1819 219">
     <span class='ocr_line' id='line_1_1' title="bbox 1283 169 1819 219; baseline -0.004 -1"><span class='ocrx_word' id='word_1_1' title='bbox 1283 169 1704 219; x_wconf 91' lang='lat' dir='ltr'>GEORGICON</span> <span class='ocrx_word' id='word_1_2' title='bbox 1742 170 1819 218; x_wconf 91' lang='lat' dir='ltr'>IV</span> 
     </span>
    </p>
   </div>
   <div class='ocr_carea' id='block_1_2' title="bbox 132 305 1818 2648">
    <p class='ocr_par' dir='ltr' id='par_1_2' title="bbox 154 305 1296 370">
     <span class='ocr_line' id='line_1_2' title="bbox 154 305 1296 370; baseline 0.001 -16"><span class='ocrx_word' id='word_1_3' title='bbox 154 321 256 368; x_wconf 93' lang='lat' dir='ltr'>quo</span> <span class='ocrx_word' id='word_1_4' title='bbox 291 314 450 354; x_wconf 91' lang='lat' dir='ltr'>totum</span> <span class='ocrx_word' id='word_1_5' title='bbox 487 305 590 355; x_wconf 89' lang='lat' dir='ltr'>nati</span> <span class='ocrx_word' id='word_1_6' title='bbox 625 322 804 369; x_wconf 90' lang='lat' dir='ltr'>corpus</span> <span class='ocrx_word' id='word_1_7' title='bbox 838 306 1097 370; x_wconf 88' lang='lat' dir='ltr'>perduxit;</span> <span class='ocrx_word' id='word_1_8' title='bbox 1141 316 1192 356; x_wconf 87' lang='lat' dir='ltr'>at</span> <span class='ocrx_word' id='word_1_9' title='bbox 1226 307 1296 356; x_wconf 89' lang='lat' dir='ltr'>illi</span> 
     </span>
    </p>

    <p class='ocr_par' dir='ltr' id='par_1_3' title="bbox 153 386 1279 451">
     <span class='ocr_line' id='line_1_3' title="bbox 153 386 1279 451; baseline 0.003 -17"><span class='ocrx_word' id='word_1_10' title='bbox 153 386 311 436; x_wconf 89' lang='lat' dir='ltr'>dulcis</span> <span class='ocrx_word' id='word_1_11' title='bbox 348 387 636 451; x_wconf 89' lang='lat' dir='ltr'>compositis</span> <span class='ocrx_word' id='word_1_12' title='bbox 673 387 871 451; x_wconf 84' lang='lat' dir='ltr'>spiravit</span> <span class='ocrx_word' id='word_1_13' title='bbox 907 388 1125 437; x_wconf 84' lang='lat' dir='ltr'>crinibus</span> <span class='ocrx_word' id='word_1_14' title='bbox 1160 406 1279 437; x_wconf 90' lang='lat' dir='ltr'>aura</span> 
     </span>
    </p>

    <p class='ocr_par' dir='ltr' id='par_1_4' title="bbox 151 469 1710 614">
     <span class='ocr_line' id='line_1_4' title="bbox 152 469 1710 534; baseline 0.002 -18"><span class='ocrx_word' id='word_1_15' title='bbox 152 477 301 531; x_wconf 90' lang='lat' dir='ltr'>atque</span> <span class='ocrx_word' id='word_1_16' title='bbox 337 469 514 518; x_wconf 91' lang='lat' dir='ltr'>habilis</span> <span class='ocrx_word' id='word_1_17' title='bbox 550 469 785 518; x_wconf 87' lang='lat' dir='ltr'>membris</span> <span class='ocrx_word' id='word_1_18' title='bbox 821 469 955 518; x_wconf 92' lang='lat' dir='ltr'>venit</span> <span class='ocrx_word' id='word_1_19' title='bbox 990 469 1138 532; x_wconf 85' lang='lat' dir='ltr'>vigor.</span> <span class='ocrx_word' id='word_1_20' title='bbox 1213 479 1286 519; x_wconf 91' lang='lat' dir='ltr'>est</span> <span class='ocrx_word' id='word_1_21' title='bbox 1322 486 1499 533; x_wconf 89' lang='lat' dir='ltr'>specus</span> <span class='ocrx_word' id='word_1_22' title='bbox 1535 469 1710 534; x_wconf 86' lang='lat' dir='ltr'>ingens</span> 
     </span>
     <span class='ocr_line' id='line_1_5' title="bbox 151 549 1356 614; baseline 0.002 -17"><span class='ocrx_word' id='word_1_23' title='bbox 151 549 281 597; x_wconf 88' lang='lat' dir='ltr'>exesi</span> <span class='ocrx_word' id='word_1_24' title='bbox 317 551 466 599; x_wconf 89' lang='lat' dir='ltr'>latere</span> <span class='ocrx_word' id='word_1_25' title='bbox 501 550 552 598; x_wconf 92' lang='lat' dir='ltr'>in</span> <span class='ocrx_word' id='word_1_26' title='bbox 589 550 786 610; x_wconf 91' lang='lat' dir='ltr'>montis,</span> <span class='ocrx_word' id='word_1_27' title='bbox 826 567 926 614; x_wconf 93' lang='lat' dir='ltr'>quo</span> <span class='ocrx_word' id='word_1_28' title='bbox 962 551 1173 613; x_wconf 90' lang='lat' dir='ltr'>plurima</span> <span class='ocrx_word' id='word_1_29' title='bbox 1207 560 1356 600; x_wconf 90' lang='lat' dir='ltr'>vento</span> 
     </span>
    </p>

    <p class='ocr_par' dir='ltr' id='par_1_5' title="bbox 149 630 1818 774">
     <span class='ocr_line' id='line_1_6' title="bbox 150 630 1818 694; baseline 0.001 -16"><span class='ocrx_word' id='word_1_30' title='bbox 150 630 339 693; x_wconf 84' lang='lat' dir='ltr'>cogitur</span> <span class='ocrx_word' id='word_1_31' title='bbox 375 631 525 694; x_wconf 90' lang='lat' dir='ltr'>inque</span> <span class='ocrx_word' id='word_1_32' title='bbox 562 631 696 680; x_wconf 92' lang='lat' dir='ltr'>sinus</span> <span class='ocrx_word' id='word_1_33' title='bbox 733 632 914 681; x_wconf 83' lang='lat' dir='ltr'>scindit</span> <span class='ocrx_word' id='word_1_34' title='bbox 951 649 1059 681; x_wconf 93' lang='lat' dir='ltr'>sese</span> <span class='ocrx_word' id='word_1_35' title='bbox 1094 634 1231 681; x_wconf 91' lang='lat' dir='ltr'>unda</span> <span class='ocrx_word' id='word_1_36' title='bbox 1265 634 1511 693; x_wconf 88' lang='lat' dir='ltr'>reductos,</span> <span class='ocrx_word' id='word_1_37' title='bbox 1736 653 1818 693; x_wconf 86' lang='lat'>420</span> 
     </span>
     <span class='ocr_line' id='line_1_7' title="bbox 149 712 1250 774; baseline 0.003 -16"><span class='ocrx_word' id='word_1_38' title='bbox 149 712 404 773; x_wconf 82' lang='lat' dir='ltr'>deprensis</span> <span class='ocrx_word' id='word_1_39' title='bbox 441 712 559 760; x_wconf 90' lang='lat' dir='ltr'>olim</span> <span class='ocrx_word' id='word_1_40' title='bbox 597 712 741 761; x_wconf 88' lang='lat' dir='ltr'>statio</span> <span class='ocrx_word' id='word_1_41' title='bbox 777 712 1022 761; x_wconf 87' lang='lat' dir='ltr'>tutissima</span> <span class='ocrx_word' id='word_1_42' title='bbox 1057 714 1218 762; x_wconf 90' lang='lat' dir='ltr'>nautis</span> <span class='ocrx_word' id='word_1_43' title='bbox 1236 733 1250 774; x_wconf 79' lang='lat'><em>3</em></span> 
     </span>
    </p>

    <p class='ocr_par' dir='ltr' id='par_1_6' title="bbox 149 790 1258 856">
     <span class='ocr_line' id='line_1_8' title="bbox 149 790 1258 856; baseline 0.005 -18"><span class='ocrx_word' id='word_1_44' title='bbox 149 790 280 839; x_wconf 91' lang='lat' dir='ltr'>intus</span> <span class='ocrx_word' id='word_1_45' title='bbox 317 809 369 840; x_wconf 93' lang='lat' dir='ltr'>se</span> <span class='ocrx_word' id='word_1_46' title='bbox 405 793 528 841; x_wconf 88' lang='lat' dir='ltr'>vasti</span> <span class='ocrx_word' id='word_1_47' title='bbox 566 796 772 841; x_wconf 88' lang='lat' dir='ltr'>Proteus</span> <span class='ocrx_word' id='word_1_48' title='bbox 809 793 927 856; x_wconf 88' lang='lat' dir='ltr'>tegit</span> <span class='ocrx_word' id='word_1_49' title='bbox 964 793 1107 842; x_wconf 89' lang='lat' dir='ltr'>obice</span> <span class='ocrx_word' id='word_1_50' title='bbox 1145 794 1258 843; x_wconf 87' lang='lat' dir='ltr'>saxi.</span> 
     </span>
    </p>

    <p class='ocr_par' dir='ltr' id='par_1_7' title="bbox 148 871 1637 1018">
     <span class='ocr_line' id='line_1_9' title="bbox 148 871 1637 940; baseline 0.003 -20"><span class='ocrx_word' id='word_1_51' title='bbox 148 871 229 935; x_wconf 91' lang='lat' dir='ltr'>hic</span> <span class='ocrx_word' id='word_1_52' title='bbox 265 872 493 922; x_wconf 91' lang='lat' dir='ltr'>iuvenem</span> <span class='ocrx_word' id='word_1_53' title='bbox 531 874 581 921; x_wconf 93' lang='lat' dir='ltr'>in</span> <span class='ocrx_word' id='word_1_54' title='bbox 618 874 816 923; x_wconf 90' lang='lat' dir='ltr'>latebris</span> <span class='ocrx_word' id='word_1_55' title='bbox 851 891 1075 923; x_wconf 89' lang='lat' dir='ltr'>aversum</span> <span class='ocrx_word' id='word_1_56' title='bbox 1113 893 1142 923; x_wconf 94' lang='lat' dir='ltr'>a</span> <span class='ocrx_word' id='word_1_57' title='bbox 1177 875 1363 925; x_wconf 92' lang='lat' dir='ltr'>lumine</span> <span class='ocrx_word' id='word_1_58' title='bbox 1401 878 1637 940; x_wconf 88' lang='lat' dir='ltr'>Nympha</span> 
     </span>
     <span class='ocr_line' id='line_1_10' title="bbox 148 955 1447 1018; baseline 0.004 -17"><span class='ocrx_word' id='word_1_59' title='bbox 148 955 388 1014; x_wconf 86' lang='lat' dir='ltr'>conlocat,</span> <span class='ocrx_word' id='word_1_60' title='bbox 429 955 536 1018; x_wconf 92' lang='lat' dir='ltr'>ipsa</span> <span class='ocrx_word' id='word_1_61' title='bbox 571 957 744 1018; x_wconf 89' lang='lat' dir='ltr'>procul</span> <span class='ocrx_word' id='word_1_62' title='bbox 780 956 974 1004; x_wconf 91' lang='lat' dir='ltr'>nebulis</span> <span class='ocrx_word' id='word_1_63' title='bbox 1011 957 1222 1005; x_wconf 91' lang='lat' dir='ltr'>obscura</span> <span class='ocrx_word' id='word_1_64' title='bbox 1256 957 1447 1006; x_wconf 88' lang='lat' dir='ltr'>resistit.</span> 
     </span>
    </p>

    <p class='ocr_par' dir='ltr' id='par_1_8' title="bbox 145 1034 1811 1182">
     <span class='ocr_line' id='line_1_11' title="bbox 147 1034 1811 1100; baseline 0.004 -19"><span class='ocrx_word' id='word_1_65' title='bbox 147 1034 244 1082; x_wconf 90' lang='lat' dir='ltr'>iam</span> <span class='ocrx_word' id='word_1_66' title='bbox 282 1036 481 1098; x_wconf 89' lang='lat' dir='ltr'>rapidus</span> <span class='ocrx_word' id='word_1_67' title='bbox 519 1045 707 1085; x_wconf 91' lang='lat' dir='ltr'>torrens</span> <span class='ocrx_word' id='word_1_68' title='bbox 745 1037 951 1086; x_wconf 88' lang='lat' dir='ltr'>sitientis</span> <span class='ocrx_word' id='word_1_69' title='bbox 989 1037 1140 1087; x_wconf 90' lang='lat' dir='ltr'>Sirius</span> <span class='ocrx_word' id='word_1_70' title='bbox 1179 1040 1334 1087; x_wconf 89' lang='lat' dir='ltr'>Indos</span> <span class='ocrx_word' id='word_1_71' title='bbox 1731 1060 1811 1100; x_wconf 86' lang='lat'>425</span> 
     </span>
     <span class='ocr_line' id='line_1_12' title="bbox 145 1118 1411 1182; baseline 0.002 -17"><span class='ocrx_word' id='word_1_72' title='bbox 145 1118 350 1166; x_wconf 87' lang='lat' dir='ltr'>ardebat</span> <span class='ocrx_word' id='word_1_73' title='bbox 387 1120 538 1177; x_wconf 88' lang='lat' dir='ltr'>caelo,</span> <span class='ocrx_word' id='word_1_74' title='bbox 578 1127 626 1167; x_wconf 90' lang='lat' dir='ltr'>et</span> <span class='ocrx_word' id='word_1_75' title='bbox 662 1118 884 1167; x_wconf 89' lang='lat' dir='ltr'>medium</span> <span class='ocrx_word' id='word_1_76' title='bbox 921 1121 994 1167; x_wconf 93' lang='lat' dir='ltr'>sol</span> <span class='ocrx_word' id='word_1_77' title='bbox 1030 1119 1202 1182; x_wconf 88' lang='lat' dir='ltr'>igneus</span> <span class='ocrx_word' id='word_1_78' title='bbox 1239 1120 1411 1168; x_wconf 88' lang='lat' dir='ltr'>orbem</span> 
     </span>
    </p>

    <p class='ocr_par' dir='ltr' id='par_1_9' title="bbox 145 1199 1541 1259">
     <span class='ocr_line' id='line_1_13' title="bbox 145 1199 1541 1259; baseline 0.001 -13"><span class='ocrx_word' id='word_1_79' title='bbox 145 1199 404 1259; x_wconf 82' lang='lat' dir='ltr'>hauserat3</span> <span class='ocrx_word' id='word_1_80' title='bbox 446 1199 650 1247; x_wconf 87' lang='lat' dir='ltr'>arebant</span> <span class='ocrx_word' id='word_1_81' title='bbox 684 1200 879 1259; x_wconf 87' lang='lat' dir='ltr'>herbae,</span> <span class='ocrx_word' id='word_1_82' title='bbox 921 1209 968 1248; x_wconf 94' lang='lat' dir='ltr'>et</span> <span class='ocrx_word' id='word_1_83' title='bbox 1005 1217 1124 1248; x_wconf 88' lang='lat' dir='ltr'>cava</span> <span class='ocrx_word' id='word_1_84' title='bbox 1159 1200 1365 1248; x_wconf 90' lang='lat' dir='ltr'>flumina</span> <span class='ocrx_word' id='word_1_85' title='bbox 1399 1199 1541 1249; x_wconf 89' lang='lat' dir='ltr'>siccis</span> 
     </span>
    </p>

    <p class='ocr_par' dir='ltr' id='par_1_10' title="bbox 145 1279 1467 1344">
     <span class='ocr_line' id='line_1_14' title="bbox 145 1279 1467 1344; baseline 0.002 -17"><span class='ocrx_word' id='word_1_86' title='bbox 145 1279 369 1328; x_wconf 89' lang='lat' dir='ltr'>faucibus</span> <span class='ocrx_word' id='word_1_87' title='bbox 406 1281 471 1328; x_wconf 91' lang='lat' dir='ltr'>ad</span> <span class='ocrx_word' id='word_1_88' title='bbox 508 1279 680 1328; x_wconf 89' lang='lat' dir='ltr'>limum</span> <span class='ocrx_word' id='word_1_89' title='bbox 717 1280 838 1328; x_wconf 90' lang='lat' dir='ltr'>radii</span> <span class='ocrx_word' id='word_1_90' title='bbox 875 1283 1119 1343; x_wconf 90' lang='lat' dir='ltr'>tepefacta</span> <span class='ocrx_word' id='word_1_91' title='bbox 1155 1282 1467 1344; x_wconf 87' lang='lat' dir='ltr'>coquebant:</span> 
     </span>
    </p>

    <p class='ocr_par' dir='ltr' id='par_1_11' title="bbox 145 1362 1492 1423">
     <span class='ocr_line' id='line_1_15' title="bbox 145 1362 1492 1423; baseline 0.002 -16"><span class='ocrx_word' id='word_1_92' title='bbox 145 1376 257 1408; x_wconf 90' lang='lat' dir='ltr'>cum</span> <span class='ocrx_word' id='word_1_93' title='bbox 297 1362 502 1408; x_wconf 89' lang='lat' dir='ltr'>Proteus</span> <span class='ocrx_word' id='word_1_94' title='bbox 540 1369 778 1409; x_wconf 89' lang='lat' dir='ltr'>consueta</span> <span class='ocrx_word' id='word_1_95' title='bbox 812 1370 986 1423; x_wconf 89' lang='lat' dir='ltr'>petens</span> <span class='ocrx_word' id='word_1_96' title='bbox 1023 1378 1050 1409; x_wconf 94' lang='lat' dir='ltr'>e</span> <span class='ocrx_word' id='word_1_97' title='bbox 1086 1362 1317 1410; x_wconf 88' lang='lat' dir='ltr'>fluctibus</span> <span class='ocrx_word' id='word_1_98' title='bbox 1352 1371 1492 1410; x_wconf 87' lang='lat' dir='ltr'>antra</span> 
     </span>
    </p>

    <p class='ocr_par' dir='ltr' id='par_1_12' title="bbox 143 1439 1813 1586">
     <span class='ocr_line' id='line_1_16' title="bbox 143 1439 1813 1505; baseline 0.002 -18"><span class='ocrx_word' id='word_1_99' title='bbox 143 1439 245 1488; x_wconf 87' lang='lat' dir='ltr'>ibat</span> <span class='ocrx_word' id='word_1_100' title='bbox 263 1458 277 1500; x_wconf 80' lang='lat'><em>3</em></span> <span class='ocrx_word' id='word_1_101' title='bbox 325 1457 438 1488; x_wconf 92' lang='lat' dir='ltr'>eum</span> <span class='ocrx_word' id='word_1_102' title='bbox 476 1440 598 1488; x_wconf 89' lang='lat' dir='ltr'>vasti</span> <span class='ocrx_word' id='word_1_103' title='bbox 634 1440 819 1489; x_wconf 88' lang='lat' dir='ltr'>circum</span> <span class='ocrx_word' id='word_1_104' title='bbox 855 1458 976 1503; x_wconf 88' lang='lat' dir='ltr'>gens</span> <span class='ocrx_word' id='word_1_105' title='bbox 1012 1441 1182 1490; x_wconf 90' lang='lat' dir='ltr'>umida</span> <span class='ocrx_word' id='word_1_106' title='bbox 1216 1442 1357 1504; x_wconf 92' lang='lat' dir='ltr'>ponti</span> <span class='ocrx_word' id='word_1_107' title='bbox 1731 1463 1813 1505; x_wconf 86' lang='lat'>430</span> 
     </span>
     <span class='ocr_line' id='line_1_17' title="bbox 145 1522 1260 1586; baseline 0.003 -18"><span class='ocrx_word' id='word_1_108' title='bbox 145 1523 389 1570; x_wconf 88' lang='lat' dir='ltr'>exsultans</span> <span class='ocrx_word' id='word_1_109' title='bbox 428 1538 587 1570; x_wconf 91' lang='lat' dir='ltr'>rorem</span> <span class='ocrx_word' id='word_1_110' title='bbox 624 1524 721 1570; x_wconf 91' lang='lat' dir='ltr'>late</span> <span class='ocrx_word' id='word_1_111' title='bbox 756 1522 991 1586; x_wconf 87' lang='lat' dir='ltr'>dispergit</span> <span class='ocrx_word' id='word_1_112' title='bbox 1026 1540 1260 1572; x_wconf 89' lang='lat' dir='ltr'>amarum.</span> 
     </span>
    </p>

    <p class='ocr_par' dir='ltr' id='par_1_13' title="bbox 145 1603 1451 1667">
     <span class='ocr_line' id='line_1_18' title="bbox 145 1603 1451 1667; baseline 0.004 -18"><span class='ocrx_word' id='word_1_113' title='bbox 145 1605 367 1650; x_wconf 83' lang='lat' dir='ltr'>sternunt</span> <span class='ocrx_word' id='word_1_114' title='bbox 406 1620 457 1651; x_wconf 92' lang='lat' dir='ltr'>se</span> <span class='ocrx_word' id='word_1_115' title='bbox 495 1619 673 1651; x_wconf 91' lang='lat' dir='ltr'>somno</span> <span class='ocrx_word' id='word_1_116' title='bbox 709 1603 931 1652; x_wconf 90' lang='lat' dir='ltr'>diversae</span> <span class='ocrx_word' id='word_1_117' title='bbox 966 1603 1017 1651; x_wconf 92' lang='lat' dir='ltr'>in</span> <span class='ocrx_word' id='word_1_118' title='bbox 1053 1603 1194 1653; x_wconf 91' lang='lat' dir='ltr'>litore</span> <span class='ocrx_word' id='word_1_119' title='bbox 1228 1606 1420 1667; x_wconf 90' lang='lat' dir='ltr'>phocae</span> <span class='ocrx_word' id='word_1_120' title='bbox 1437 1624 1451 1666; x_wconf 80' lang='lat'>3</span> 
     </span>
    </p>

    <p class='ocr_par' dir='ltr' id='par_1_14' title="bbox 142 1682 1401 1746">
     <span class='ocr_line' id='line_1_19' title="bbox 142 1682 1401 1746; baseline 0.002 -16"><span class='ocrx_word' id='word_1_121' title='bbox 142 1682 259 1745; x_wconf 89' lang='lat' dir='ltr'>ipse,</span> <span class='ocrx_word' id='word_1_122' title='bbox 302 1686 435 1732; x_wconf 91' lang='lat' dir='ltr'>velut</span> <span class='ocrx_word' id='word_1_123' title='bbox 473 1684 653 1733; x_wconf 90' lang='lat' dir='ltr'>stabuli</span> <span class='ocrx_word' id='word_1_124' title='bbox 689 1694 855 1733; x_wconf 89' lang='lat' dir='ltr'>custos</span> <span class='ocrx_word' id='word_1_125' title='bbox 892 1684 942 1732; x_wconf 89' lang='lat' dir='ltr'>in</span> <span class='ocrx_word' id='word_1_126' title='bbox 978 1684 1232 1734; x_wconf 91' lang='lat' dir='ltr'>montibus</span> <span class='ocrx_word' id='word_1_127' title='bbox 1269 1685 1401 1746; x_wconf 89' lang='lat' dir='ltr'>olim,</span> 
     </span>
    </p>

    <p class='ocr_par' dir='ltr' id='par_1_15' title="bbox 142 1764 1388 1827">
     <span class='ocr_line' id='line_1_20' title="bbox 142 1764 1388 1827; baseline 0.003 -15"><span class='ocrx_word' id='word_1_128' title='bbox 142 1781 313 1826; x_wconf 89' lang='lat' dir='ltr'>vesper</span> <span class='ocrx_word' id='word_1_129' title='bbox 352 1764 438 1813; x_wconf 92' lang='lat' dir='ltr'>ubi</span> <span class='ocrx_word' id='word_1_130' title='bbox 476 1782 503 1813; x_wconf 94' lang='lat' dir='ltr'>e</span> <span class='ocrx_word' id='word_1_131' title='bbox 540 1774 683 1827; x_wconf 90' lang='lat' dir='ltr'>pastu</span> <span class='ocrx_word' id='word_1_132' title='bbox 718 1765 897 1814; x_wconf 89' lang='lat' dir='ltr'>vitulos</span> <span class='ocrx_word' id='word_1_133' title='bbox 932 1768 997 1815; x_wconf 91' lang='lat' dir='ltr'>ad</span> <span class='ocrx_word' id='word_1_134' title='bbox 1033 1775 1163 1815; x_wconf 87' lang='lat' dir='ltr'>tecta</span> <span class='ocrx_word' id='word_1_135' title='bbox 1198 1767 1388 1816; x_wconf 91' lang='lat' dir='ltr'>reducit</span> 
     </span>
    </p>

    <p class='ocr_par' dir='ltr' id='par_1_16' title="bbox 139 1846 1808 1992">
     <span class='ocr_line' id='line_1_21' title="bbox 139 1846 1808 1911; baseline 0.002 -17"><span class='ocrx_word' id='word_1_136' title='bbox 139 1846 419 1909; x_wconf 89' lang='lat' dir='ltr'>auditisque</span> <span class='ocrx_word' id='word_1_137' title='bbox 460 1849 603 1910; x_wconf 91' lang='lat' dir='ltr'>lupos</span> <span class='ocrx_word' id='word_1_138' title='bbox 640 1856 824 1896; x_wconf 90' lang='lat' dir='ltr'>acuunt</span> <span class='ocrx_word' id='word_1_139' title='bbox 860 1847 1104 1896; x_wconf 90' lang='lat' dir='ltr'>balatibus</span> <span class='ocrx_word' id='word_1_140' title='bbox 1140 1847 1267 1911; x_wconf 88' lang='lat' dir='ltr'>agni,</span> <span class='ocrx_word' id='word_1_141' title='bbox 1727 1871 1808 1911; x_wconf 80' lang='lat'>435</span> 
     </span>
     <span class='ocr_line' id='line_1_22' title="bbox 140 1929 1533 1992; baseline 0.001 -14"><span class='ocrx_word' id='word_1_142' title='bbox 140 1929 366 1979; x_wconf 89' lang='lat' dir='ltr'>consedit</span> <span class='ocrx_word' id='word_1_143' title='bbox 408 1931 614 1991; x_wconf 92' lang='lat' dir='ltr'>scopulo</span> <span class='ocrx_word' id='word_1_144' title='bbox 654 1929 861 1989; x_wconf 86' lang='lat' dir='ltr'>medius,</span> <span class='ocrx_word' id='word_1_145' title='bbox 901 1946 1264 1992; x_wconf 89' lang='lat' dir='ltr'>numerumque</span> <span class='ocrx_word' id='word_1_146' title='bbox 1299 1939 1533 1979; x_wconf 90' lang='lat' dir='ltr'>recenset.</span> 
     </span>
    </p>

    <p class='ocr_par' dir='ltr' id='par_1_17' title="bbox 139 2011 1386 2074">
     <span class='ocr_line' id='line_1_23' title="bbox 139 2011 1386 2074; baseline 0 -14"><span class='ocrx_word' id='word_1_147' title='bbox 139 2011 277 2060; x_wconf 89' lang='lat' dir='ltr'>cuius</span> <span class='ocrx_word' id='word_1_148' title='bbox 317 2011 542 2060; x_wconf 89' lang='lat' dir='ltr'>Aristaeo</span> <span class='ocrx_word' id='word_1_149' title='bbox 583 2011 819 2074; x_wconf 89' lang='lat' dir='ltr'>quoniam</span> <span class='ocrx_word' id='word_1_150' title='bbox 857 2020 930 2060; x_wconf 91' lang='lat' dir='ltr'>est</span> <span class='ocrx_word' id='word_1_151' title='bbox 967 2012 1133 2060; x_wconf 90' lang='lat' dir='ltr'>oblata</span> <span class='ocrx_word' id='word_1_152' title='bbox 1167 2012 1386 2071; x_wconf 87' lang='lat' dir='ltr'>facultas,</span> 
     </span>
    </p>

    <p class='ocr_par' dir='ltr' id='par_1_18' title="bbox 136 2094 1458 2156">
     <span class='ocr_line' id='line_1_24' title="bbox 136 2094 1458 2156; baseline 0.001 -16"><span class='ocrx_word' id='word_1_153' title='bbox 136 2094 214 2142; x_wconf 89' lang='lat' dir='ltr'>vix</span> <span class='ocrx_word' id='word_1_154' title='bbox 251 2096 444 2143; x_wconf 89' lang='lat' dir='ltr'>defessa</span> <span class='ocrx_word' id='word_1_155' title='bbox 483 2110 653 2141; x_wconf 90' lang='lat' dir='ltr'>senem</span> <span class='ocrx_word' id='word_1_156' title='bbox 690 2110 861 2155; x_wconf 87' lang='lat' dir='ltr'>passus</span> <span class='ocrx_word' id='word_1_157' title='bbox 898 2110 1198 2156; x_wconf 91' lang='lat' dir='ltr'>componere</span> <span class='ocrx_word' id='word_1_158' title='bbox 1234 2094 1458 2142; x_wconf 90' lang='lat' dir='ltr'>membra</span> 
     </span>
    </p>

    <p class='ocr_par' dir='ltr' id='par_1_19' title="bbox 136 2175 1487 2239">
     <span class='ocr_line' id='line_1_25' title="bbox 136 2175 1487 2239; baseline 0 -16"><span class='ocrx_word' id='word_1_159' title='bbox 136 2192 249 2224; x_wconf 90' lang='lat' dir='ltr'>cum</span> <span class='ocrx_word' id='word_1_160' title='bbox 288 2178 501 2225; x_wconf 91' lang='lat' dir='ltr'>clamore</span> <span class='ocrx_word' id='word_1_161' title='bbox 539 2176 635 2224; x_wconf 91' lang='lat' dir='ltr'>ruit</span> <span class='ocrx_word' id='word_1_162' title='bbox 671 2193 862 2239; x_wconf 87' lang='lat' dir='ltr'>magno,</span> <span class='ocrx_word' id='word_1_163' title='bbox 904 2175 1209 2238; x_wconf 87' lang='lat' dir='ltr'>manicisque</span> <span class='ocrx_word' id='word_1_164' title='bbox 1245 2175 1487 2224; x_wconf 89' lang='lat' dir='ltr'>iacentem</span> 
     </span>
    </p>

    <p class='ocr_par' dir='ltr' id='par_1_20' title="bbox 134 2256 1804 2398">
     <span class='ocr_line' id='line_1_26' title="bbox 135 2256 1804 2321; baseline -0.001 -15"><span class='ocrx_word' id='word_1_165' title='bbox 135 2267 357 2321; x_wconf 89' lang='lat' dir='ltr'>occupat.</span> <span class='ocrx_word' id='word_1_166' title='bbox 433 2258 514 2307; x_wconf 92' lang='lat' dir='ltr'>ille</span> <span class='ocrx_word' id='word_1_167' title='bbox 552 2275 669 2307; x_wconf 92' lang='lat' dir='ltr'>suae</span> <span class='ocrx_word' id='word_1_168' title='bbox 704 2267 876 2306; x_wconf 89' lang='lat' dir='ltr'>contra</span> <span class='ocrx_word' id='word_1_169' title='bbox 910 2274 1012 2306; x_wconf 91' lang='lat' dir='ltr'>non</span> <span class='ocrx_word' id='word_1_170' title='bbox 1049 2257 1310 2306; x_wconf 90' lang='lat' dir='ltr'>immemor</span> <span class='ocrx_word' id='word_1_171' title='bbox 1344 2256 1459 2305; x_wconf 90' lang='lat' dir='ltr'>artis</span> <span class='ocrx_word' id='word_1_172' title='bbox 1724 2277 1804 2317; x_wconf 87' lang='lat'>440</span> 
     </span>
     <span class='ocr_line' id='line_1_27' title="bbox 134 2338 1360 2398; baseline 0 -12"><span class='ocrx_word' id='word_1_173' title='bbox 134 2339 301 2388; x_wconf 91' lang='lat' dir='ltr'>omnia</span> <span class='ocrx_word' id='word_1_174' title='bbox 338 2343 649 2389; x_wconf 89' lang='lat' dir='ltr'>transformat</span> <span class='ocrx_word' id='word_1_175' title='bbox 688 2357 794 2388; x_wconf 89' lang='lat' dir='ltr'>sese</span> <span class='ocrx_word' id='word_1_176' title='bbox 830 2338 879 2387; x_wconf 91' lang='lat' dir='ltr'>in</span> <span class='ocrx_word' id='word_1_177' title='bbox 917 2338 1152 2387; x_wconf 89' lang='lat' dir='ltr'>miracula</span> <span class='ocrx_word' id='word_1_178' title='bbox 1186 2355 1360 2398; x_wconf 90' lang='lat' dir='ltr'>rerum,</span> 
     </span>
    </p>

    <p class='ocr_par' dir='ltr' id='par_1_21' title="bbox 132 2419 1670 2567">
     <span class='ocr_line' id='line_1_28' title="bbox 133 2419 1670 2484; baseline 0.001 -17"><span class='ocrx_word' id='word_1_179' title='bbox 133 2419 397 2484; x_wconf 87' lang='lat' dir='ltr'>ignemque</span> <span class='ocrx_word' id='word_1_180' title='bbox 436 2421 819 2484; x_wconf 90' lang='lat' dir='ltr'>horribilemque</span> <span class='ocrx_word' id='word_1_181' title='bbox 857 2422 1008 2469; x_wconf 90' lang='lat' dir='ltr'>feram</span> <span class='ocrx_word' id='word_1_182' title='bbox 1045 2419 1350 2482; x_wconf 90' lang='lat' dir='ltr'>fluviumque</span> <span class='ocrx_word' id='word_1_183' title='bbox 1386 2419 1670 2482; x_wconf 89' lang='lat' dir='ltr'>liquentem.</span> 
     </span>
     <span class='ocr_line' id='line_1_29' title="bbox 132 2500 1442 2567; baseline 0 -19"><span class='ocrx_word' id='word_1_184' title='bbox 132 2518 300 2550; x_wconf 91' lang='lat' dir='ltr'>verum</span> <span class='ocrx_word' id='word_1_185' title='bbox 338 2502 422 2551; x_wconf 92' lang='lat' dir='ltr'>ubi</span> <span class='ocrx_word' id='word_1_186' title='bbox 460 2505 595 2552; x_wconf 90' lang='lat' dir='ltr'>nulla</span> <span class='ocrx_word' id='word_1_187' title='bbox 632 2505 797 2567; x_wconf 88' lang='lat' dir='ltr'>fugam</span> <span class='ocrx_word' id='word_1_188' title='bbox 834 2501 1012 2565; x_wconf 87' lang='lat' dir='ltr'>reperit</span> <span class='ocrx_word' id='word_1_189' title='bbox 1047 2500 1249 2559; x_wconf 86' lang='lat' dir='ltr'>fallacia,</span> <span class='ocrx_word' id='word_1_190' title='bbox 1285 2500 1442 2549; x_wconf 90' lang='lat' dir='ltr'>victus</span> 
     </span>
    </p>

    <p class='ocr_par' dir='ltr' id='par_1_22' title="bbox 132 2581 1517 2648">
     <span class='ocr_line' id='line_1_30' title="bbox 132 2581 1517 2648; baseline 0 -19"><span class='ocrx_word' id='word_1_191' title='bbox 132 2581 182 2629; x_wconf 91' lang='lat' dir='ltr'>in</span> <span class='ocrx_word' id='word_1_192' title='bbox 220 2599 326 2631; x_wconf 92' lang='lat' dir='ltr'>sese</span> <span class='ocrx_word' id='word_1_193' title='bbox 362 2583 487 2633; x_wconf 88' lang='lat' dir='ltr'>redit</span> <span class='ocrx_word' id='word_1_194' title='bbox 523 2594 671 2648; x_wconf 91' lang='lat' dir='ltr'>atque</span> <span class='ocrx_word' id='word_1_195' title='bbox 710 2583 926 2633; x_wconf 91' lang='lat' dir='ltr'>hominis</span> <span class='ocrx_word' id='word_1_196' title='bbox 965 2583 1165 2630; x_wconf 89' lang='lat' dir='ltr'>tandem</span> <span class='ocrx_word' id='word_1_197' title='bbox 1204 2597 1288 2629; x_wconf 91' lang='lat' dir='ltr'>ore</span> <span class='ocrx_word' id='word_1_198' title='bbox 1323 2583 1517 2629; x_wconf 92' lang='lat' dir='ltr'>locutus</span> 
     </span>
    </p>
   </div>
   <div class='ocr_carea' id='block_1_3' title="bbox 127 2662 1798 2954">
    <p class='ocr_par' dir='ltr' id='par_1_23' title="bbox 135 2662 1796 2726">
     <span class='ocr_line' id='line_1_31' title="bbox 135 2662 1796 2726; baseline 0 -16"><span class='ocrx_word' id='word_1_199' title='bbox 135 2666 146 2687; x_wconf 95' lang='lat'>‘</span> <span class='ocrx_word' id='word_1_200' title='bbox 162 2679 277 2710; x_wconf 88' lang='lat' dir='ltr'>nam</span> <span class='ocrx_word' id='word_1_201' title='bbox 314 2664 423 2726; x_wconf 91' lang='lat' dir='ltr'>quis</span> <span class='ocrx_word' id='word_1_202' title='bbox 461 2674 522 2724; x_wconf 89' lang='lat' dir='ltr'>te,</span> <span class='ocrx_word' id='word_1_203' title='bbox 563 2665 797 2714; x_wconf 91' lang='lat' dir='ltr'>iuvenum</span> <span class='ocrx_word' id='word_1_204' title='bbox 839 2662 1276 2722; x_wconf 86' lang='lat' dir='ltr'>confidentissime,</span> <span class='ocrx_word' id='word_1_205' title='bbox 1315 2671 1505 2711; x_wconf 88' lang='lat' dir='ltr'>nostras</span> <span class='ocrx_word' id='word_1_206' title='bbox 1716 2684 1796 2723; x_wconf 85' lang='lat'>445</span> 
     </span>
    </p>

    <p class='ocr_par' dir='ltr' id='par_1_24' title="bbox 127 2792 1798 2954">
     <span class='ocr_line' id='line_1_32' title="bbox 186 2792 1796 2845; baseline 0 -14"><span class='ocrx_word' id='word_1_207' title='bbox 186 2794 375 2844; x_wconf 85' lang='lat'>416-419</span> <span class='ocrx_word' id='word_1_208' title='bbox 396 2793 588 2844; x_wconf 80' lang='lat' dir='ltr'><em>GMPR3</em></span> <span class='ocrx_word' id='word_1_209' title='bbox 611 2807 800 2845; x_wconf 87' lang='lat'>420—435</span> <span class='ocrx_word' id='word_1_210' title='bbox 823 2795 978 2844; x_wconf 81' lang='lat' dir='ltr'><em>MPR;</em></span> <span class='ocrx_word' id='word_1_211' title='bbox 1005 2797 1194 2845; x_wconf 82' lang='lat'><strong>436-445</strong></span> <span class='ocrx_word' id='word_1_212' title='bbox 1212 2792 1390 2831; x_wconf 84' lang='lat' dir='ltr'><em>MPRV</em></span> <span class='ocrx_word' id='word_1_213' title='bbox 1601 2793 1683 2842; x_wconf 88' lang='lat'>416</span> <span class='ocrx_word' id='word_1_214' title='bbox 1703 2804 1796 2842; x_wconf 88' lang='lat' dir='ltr'>per·</span> 
     </span>
     <span class='ocr_line' id='line_1_33' title="bbox 131 2846 1798 2900; baseline 0.001 -16"><span class='ocrx_word' id='word_1_215' title='bbox 131 2846 238 2886; x_wconf 84' lang='lat' dir='ltr'>fudit</span> <span class='ocrx_word' id='word_1_216' title='bbox 261 2847 303 2886; x_wconf 90' lang='lat' dir='ltr'><em>R</em></span> <span class='ocrx_word' id='word_1_217' title='bbox 423 2860 504 2898; x_wconf 85' lang='lat'>423</span> <span class='ocrx_word' id='word_1_218' title='bbox 534 2862 556 2887; x_wconf 93' lang='lat' dir='ltr'>a</span> <span class='ocrx_word' id='word_1_219' title='bbox 578 2862 658 2888; x_wconf 90' lang='lat' dir='ltr'>om.</span> <span class='ocrx_word' id='word_1_220' title='bbox 682 2848 779 2887; x_wconf 76' lang='lat' dir='ltr'>Rbrr</span> <span class='ocrx_word' id='word_1_221' title='bbox 936 2863 1016 2900; x_wconf 88' lang='lat'>425</span> <span class='ocrx_word' id='word_1_222' title='bbox 1047 2850 1218 2889; x_wconf 90' lang='lat' dir='ltr'>rabidus</span> <span class='ocrx_word' id='word_1_223' title='bbox 1238 2847 1404 2897; x_wconf 81' lang='lat' dir='ltr'>Bentley</span> <span class='ocrx_word' id='word_1_224' title='bbox 1531 2859 1613 2895; x_wconf 84' lang='lat'>430</span> <span class='ocrx_word' id='word_1_225' title='bbox 1642 2847 1798 2885; x_wconf 87' lang='lat' dir='ltr'>circum</span> 
     </span>
     <span class='ocr_line' id='line_1_34' title="bbox 127 2901 1797 2954; baseline 0 -15"><span class='ocrx_word' id='word_1_226' title='bbox 127 2902 236 2940; x_wconf 85' lang='lat' dir='ltr'>vasti</span> <span class='ocrx_word' id='word_1_227' title='bbox 258 2901 312 2939; x_wconf 90' lang='lat' dir='ltr'><em>M</em></span> <span class='ocrx_word' id='word_1_228' title='bbox 452 2915 529 2951; x_wconf 88' lang='lat'>431</span> <span class='ocrx_word' id='word_1_229' title='bbox 563 2904 786 2954; x_wconf 89' lang='lat' dir='ltr'>discerpsit</span> <span class='ocrx_word' id='word_1_230' title='bbox 805 2903 848 2941; x_wconf 90' lang='lat' dir='ltr'><em>P</em></span> <span class='ocrx_word' id='word_1_231' title='bbox 994 2916 1074 2953; x_wconf 86' lang='lat'>434</span> <span class='ocrx_word' id='word_1_232' title='bbox 1104 2916 1285 2954; x_wconf 87' lang='lat' dir='ltr'>vespere</span> <span class='ocrx_word' id='word_1_233' title='bbox 1305 2901 1348 2939; x_wconf 92' lang='lat' dir='ltr'><em>P</em></span> <span class='ocrx_word' id='word_1_234' title='bbox 1504 2902 1586 2950; x_wconf 89' lang='lat'>436</span> <span class='ocrx_word' id='word_1_235' title='bbox 1615 2901 1797 2939; x_wconf 86' lang='lat' dir='ltr'>considit</span> 
     </span>
    </p>
   </div>
   <div class='ocr_carea' id='block_1_4' title="bbox 129 2953 1793 3063">
    <p class='ocr_par' dir='ltr' id='par_1_25' title="bbox 129 2953 1793 3063">
     <span class='ocr_line' id='line_1_35' title="bbox 129 2953 1793 3008; baseline 0.001 -16"><span class='ocrx_word' id='word_1_236' title='bbox 129 2953 173 2992; x_wconf 84' lang='lat' dir='ltr'><em>R</em></span> <span class='ocrx_word' id='word_1_237' title='bbox 191 2955 275 2994; x_wconf 84' lang='lat' dir='ltr'>edd.</span> <span class='ocrx_word' id='word_1_238' title='bbox 288 2956 469 3007; x_wconf 81' lang='lat' dir='ltr'>plerique</span> <span class='ocrx_word' id='word_1_239' title='bbox 589 2969 669 3007; x_wconf 90' lang='lat'>443</span> <span class='ocrx_word' id='word_1_240' title='bbox 699 2958 901 3007; x_wconf 88' lang='lat' dir='ltr'>phallacia</span> <span class='ocrx_word' id='word_1_241' title='bbox 922 2956 972 2995; x_wconf 96' lang='lat' dir='ltr'><em>M</em></span> <span class='ocrx_word' id='word_1_242' title='bbox 978 2958 985 2979; x_wconf 91' lang='lat'><strong>¹</strong></span> <span class='ocrx_word' id='word_1_243' title='bbox 1006 2972 1014 2996; x_wconf 93' lang='lat'><strong>:</strong></span> <span class='ocrx_word' id='word_1_244' title='bbox 1046 2958 1224 3008; x_wconf 87' lang='lat' dir='ltr'>pellacia</span> <span class='ocrx_word' id='word_1_245' title='bbox 1244 2957 1267 2996; x_wconf 87' lang='lat' dir='ltr'>b</span> <span class='ocrx_word' id='word_1_246' title='bbox 1287 2957 1329 2995; x_wconf 84' lang='lat' dir='ltr'>in</span> <span class='ocrx_word' id='word_1_247' title='bbox 1351 2968 1500 2994; x_wconf 82' lang='lat' dir='ltr'>rasura</span> <span class='ocrx_word' id='word_1_248' title='bbox 1511 2955 1628 2994; x_wconf 81' lang='lat' dir='ltr'>schol.</span> <span class='ocrx_word' id='word_1_249' title='bbox 1652 2954 1793 3005; x_wconf 76' lang='lat' dir='ltr'>Rem,</span> 
     </span>
     <span class='ocr_line' id='line_1_36' title="bbox 131 3009 975 3063; baseline 0.005 -17"><span class='ocrx_word' id='word_1_250' title='bbox 131 3011 315 3059; x_wconf 80' lang='lat' dir='ltr'>agnoscit</span> <span class='ocrx_word' id='word_1_251' title='bbox 331 3009 627 3063; x_wconf 80' lang='lat' dir='ltr'>Philargyrius,</span> <span class='ocrx_word' id='word_1_252' title='bbox 646 3012 794 3063; x_wconf 83' lang='lat' dir='ltr'>probat</span> <span class='ocrx_word' id='word_1_253' title='bbox 811 3012 975 3062; x_wconf 86' lang='lat' dir='ltr'>Bentley</span> 
     </span>
    </p>
   </div>
  </div>
 </body>
</html>
