2046 3380
273 141 326 187 P.
366 139 664 188 VERGILI
703 139 1029 188 MARONIS

341 279 392 329 Si
428 280 519 330 tibi
554 280 780 329 lanitium
816 297 974 340 curae,
1015 279 1228 344 primum
1264 297 1437 345 aspera
1473 281 1593 330 silva
1676 298 1678 300 ’

271 364 550 426 lappaeque
586 361 851 425 tribolique
885 362 1051 411 absint
1068 380 1082 423 3
1130 364 1244 427 fuge
1280 363 1462 426 pabula
1497 364 1638 423 laeta,
1760 351 1763 354 ’
1864 373 1943 426 385

270 443 613 506 continuoque
648 459 816 506 greges
852 442 977 491 villis
1014 445 1121 506 lege
1157 443 1390 491 mollibus
1426 443 1579 492 albos,

270 524 409 573 illum
446 534 626 585 autem,
667 524 891 588 quamvis
927 524 1050 574 aries
1087 524 1149 574 sit
1184 524 1426 574 candidus
1462 524 1580 588 ipse,

270 605 408 669 nigra
444 606 614 655 subest
651 607 754 655 udo
789 615 983 654 tantum
1020 606 1101 655 cui
1136 606 1304 669 lingua
1337 608 1516 668 palato,

270 688 412 748 reice,
454 706 518 737 ne
554 688 761 737 maculis
797 688 1008 737 infuscet
1044 690 1223 737 vellera
1259 688 1404 751 pullis

270 779 578 830 nascentum,
619 772 870 834 plenoque
906 770 1058 819 alium
1096 769 1418 833 circumspice
1453 786 1646 833 campo.
1865 789 1943 832 390

270 869 475 901 munere
512 852 582 901 sic
617 852 762 901 niveo
800 855 954 912 lanae,
996 852 1037 901 si
1073 854 1271 901 credere
1307 851 1514 916 dignum
1550 861 1636 911 est,

271 936 377 982 Pan
414 935 537 983 deus
574 934 819 983 Arcadiae
857 943 1053 998 captam
1090 943 1152 993 te,
1193 936 1348 993 Luna,
1389 932 1560 982 fefellit

269 1015 321 1063 in
358 1033 562 1065 nemora
596 1018 695 1064 alta
731 1032 915 1065 vocans
933 1035 946 1077 3
995 1032 1089 1064 nec
1125 1024 1178 1063 tu
1213 1023 1474 1078 aspernata
1507 1023 1783 1064 vocantem.

337 1100 405 1146 At
442 1097 521 1146 cui
557 1097 695 1146 lactis
731 1115 884 1158 amor,
925 1097 1134 1160 cytisum
1171 1099 1399 1160 lotosque
1434 1095 1703 1159 frequentis

270 1177 375 1241 ipse
412 1195 564 1227 manu
600 1180 851 1242 salsasque
890 1178 1011 1227 ferat
1047 1177 1366 1242 praesepibus
1403 1178 1610 1226 herbas:
1867 1197 1943 1239 395

270 1258 386 1307 hinc
424 1268 472 1307 et
507 1268 676 1307 amant
712 1259 887 1308 fluvios
927 1259 1094 1323 magis,
1136 1268 1184 1308 et
1220 1258 1374 1322 magis
1410 1259 1563 1307 ubera
1597 1259 1812 1308 tendunt

270 1349 320 1388 et
356 1339 467 1388 salis
505 1342 757 1389 occultum
794 1341 1010 1389 referunt
1047 1340 1097 1388 in
1135 1342 1261 1389 lacte
1297 1356 1536 1403 saporem.

271 1421 413 1470 multi
449 1421 598 1470 etiam
636 1431 854 1470 excretos
895 1421 1161 1484 prohibent
1197 1438 1227 1470 a
1263 1420 1500 1469 matribus
1536 1421 1737 1480 haedos,

269 1502 527 1566 primaque
563 1503 748 1551 ferratis
785 1505 1061 1566 praefigunt
1100 1519 1185 1551 ora
1221 1501 1455 1565 capistris.
1758 1500 1771 1511 ³

269 1585 407 1647 quod
445 1593 673 1648 surgente
709 1583 790 1633 die
827 1586 1039 1633 mulsere
1078 1583 1312 1647 horisque
1348 1583 1549 1644 diurnis,
1862 1604 1947 1644 400

269 1674 417 1714 nocte
453 1674 685 1728 premunt
705 1684 717 1726 3
768 1667 904 1728 quod
943 1665 1043 1713 iam
1083 1664 1299 1714 tenebris
1337 1674 1385 1713 et
1421 1666 1524 1713 sole
1560 1665 1784 1724 cadente,

268 1747 363 1795 sub
400 1748 563 1796 lucem
600 1756 858 1810 exportant
897 1746 1101 1795 calathis
1143 1746 1267 1811 (adit
1304 1746 1489 1810 oppida
1524 1745 1726 1810 pastor),

268 1837 353 1876 aut
390 1845 539 1891 parco
576 1830 677 1876 sale
713 1828 1006 1891 contingunt
1044 1827 1295 1891 hiemique
1331 1836 1590 1890 reponunt.

339 1913 448 1959 Nec
484 1910 574 1958 tibi
611 1927 727 1958 cura
761 1927 942 1959 canum
980 1910 1125 1959 fuerit
1160 1920 1422 1974 postrema,
1463 1911 1551 1959 sed
1587 1926 1686 1958 una
1748 1946 1753 1951 ι

269 1993 452 2042 velocis
490 1995 693 2056 Spartae
728 1995 917 2041 catulos
955 2009 1219 2056 acremque
1258 1995 1538 2041 Molossum
1862 2011 1942 2051 405

269 2091 417 2138 pasce
454 2091 563 2122 sero
598 2073 782 2137 pingui.
858 2091 1132 2138 numquam
1170 2074 1461 2123 custodibus
1496 2072 1590 2121 illis

270 2165 569 2204 nocturnum
607 2155 811 2204 stabulis
849 2158 1007 2204 furem
1045 2156 1369 2219 incursusque
1405 2157 1635 2217 luporum

269 2247 355 2286 aut
391 2237 663 2300 impacatos
700 2254 729 2285 a
766 2246 901 2300 tergo
941 2237 1163 2286 horrebis
1203 2237 1434 2286 Hiberos.

271 2336 419 2381 saepe
456 2318 604 2367 etiarn
642 2335 786 2367 cursu
825 2318 1026 2367 timidos
1064 2318 1271 2382 agitabis
1314 2334 1538 2381 onagros,

272 2411 321 2450 et
357 2400 561 2449 canibus
599 2403 833 2464 leporem,
876 2400 1083 2449 canibus
1120 2402 1364 2450 venabere
1401 2403 1658 2460 dammas3
1864 2417 1947 2459 410

272 2499 419 2546 saepe
454 2482 722 2531 volutabris
759 2485 928 2547 pulsos
968 2483 1268 2533 silvestribus
1305 2499 1449 2547 apros

271 2566 447 2612 latratu
484 2564 705 2613 turbabis
743 2583 907 2629 agens,
949 2566 1233 2630 montisque
1270 2582 1356 2629 per
1391 2567 1516 2613 altos

272 2645 524 2709 ingentem
561 2649 777 2697 clamore
814 2666 1008 2711 premes
1044 2651 1109 2699 ad
1145 2648 1266 2698 retia
1301 2663 1512 2697 cervum.

328 2781 515 2829 384—401
557 2781 738 2821 MPRV
747 2796 756 2831 ;
807 2794 997 2831 402-413
1040 2780 1169 2819 MPR
1421 2790 1497 2828 391
1537 2775 1618 2827 sic]
1657 2775 1735 2815 sub
1772 2772 1949 2825 Madvig·

274 2846 353 2884 395
383 2835 476 2884 ipse
498 2834 618 2886 Myc:
651 2837 722 2875 ille
743 2837 848 2875 PRb
980 2839 1060 2886 398
1083 2836 1207 2875 etiam
1227 2833 1315 2872 Pb:
1347 2834 1429 2872 iam
1454 2831 1598 2881 MR7c
1723 2829 1942 2880 excretos]

274 2895 490 2928 extremos
510 2890 552 2928 P
659 2905 739 2941 402
767 2898 995 2942 exportant
1017 2891 1126 2930 codd.
1150 2895 1186 2928 et
1198 2888 1492 2940 grammatici:
1524 2886 1571 2925 de
1587 2884 1745 2924 scholiis
1763 2883 1944 2925 Bemm-

273 2943 394 2992 sibus,
424 2945 483 2983 ad
497 2946 614 2985 verba
635 2948 721 2985 adit
744 2947 899 2996 oppida
920 2951 1067 2996 pastor
1086 2947 1283 2996 ‘portans
1302 2955 1464 2982 caseum
1484 2938 1628 2980 viride’
1650 2937 1956 2998 supplentzbus‚·ss

275 3011 358 3036 non
378 2998 525 3050 liquet:
557 3007 788 3050 exportans
808 3000 995 3051 Scaliger
1008 2999 1173 3037 editores
1186 2999 1364 3049 plerique
1583 3008 1664 3044 403
1697 2995 1855 3043 ‘paruo
1875 2991 1946 3030 a'liz

277 3066 404 3104 parco
418 3053 428 3071 ’
448 3056 567 3095 schol.
590 3057 715 3095 Bern.
878 3055 959 3103 408
980 3055 1222 3103 indignatos
1243 3051 1295 3089 M
1301 3052 1314 3073 ¹
1482 3062 1560 3100 412
1591 3048 1768 3087 terrebis
1787 3046 1832 3085 R
