2014 3372
194 164 245 211 P.
287 164 587 212 VERGILI
626 164 954 213 MARONIS

194 301 392 352 demisit
428 302 654 351 lacrimas
692 301 928 365 dulcique
963 303 1158 352 adfatus
1193 320 1364 352 amore
1399 312 1474 352 est
1792 323 1874 365 455

195 383 392 432 ‘infelix
429 383 580 443 Dido,
619 400 763 432 verus
800 383 923 453 mihi
959 384 1163 434 nuntius
1200 402 1316 448 ergo

191 473 393 514 venerat
429 464 722 513 exstinctam
759 467 988 529 ferroque
1025 475 1243 515 extrema
1278 475 1499 515 secutam
1519 468 1542 514 ?

192 546 376 596 funeris
415 548 514 595 heu
551 546 642 595 tibi
678 564 828 596 causa
863 547 970 596 fui?
1017 565 1105 611 per
1140 547 1302 597 sidera
1337 547 1460 608 iuro,

191 646 280 692 per
315 645 519 692 superos
556 638 605 678 et
642 629 682 678 si
720 647 819 693 qua
854 631 980 679 fides
1018 631 1190 678 tellure
1227 630 1320 679 sub
1356 629 1457 678 ima
1493 638 1578 689 est,

190 710 387 771 invitus,
427 711 607 775 regina,
647 720 734 761 tuo
774 713 838 762 de
875 711 1017 761 litore
1052 711 1191 761 cessi.
1792 719 1874 772 460

192 795 281 842 sed
318 810 398 842 me
435 793 568 843 iussa
604 795 771 854 deum,
811 811 940 858 quae
976 812 1111 843 nunc
1147 796 1236 844 has
1273 794 1342 843 ire
1377 811 1465 858 per
1501 794 1716 854 umbras,

190 893 278 939 per
314 878 425 926 loca
462 886 604 926 senta
640 877 736 926 situ
774 886 960 941 cogunt
996 886 1300 941 noctemque
1336 878 1651 940 profundam,

190 957 409 1021 imperiis
447 975 589 1022 egere
627 958 762 1020 suis,
810 976 904 1007 nec
941 960 1142 1008 credere
1179 958 1315 1022 quivi

190 1043 326 1090 hunc
363 1050 557 1090 tantum
594 1041 685 1090 tibi
722 1059 802 1090 me
840 1041 1062 1091 discessu
1101 1044 1224 1090 ferre
1261 1043 1500 1090 dolorem.

191 1122 306 1171 siste
345 1124 554 1185 gradum
590 1131 740 1186 teque
776 1132 982 1186 aspectu
1019 1140 1083 1171 ne
1122 1123 1354 1173 subtrahe
1391 1131 1590 1171 nostros
1790 1130 1870 1184 465

191 1221 342 1268 quem
368 1204 535 1268 fugis?
571 1214 847 1253 extremum
873 1207 975 1254 fato
1002 1206 1141 1268 quod
1163 1215 1214 1254 te
1238 1206 1485 1268 adloquor
1508 1205 1606 1252 hoc
1632 1205 1736 1254 est.²

189 1286 371 1335 talibus
408 1289 607 1337 Aeneas
644 1288 903 1336 ardentem
941 1296 990 1335 et
1027 1295 1165 1335 torva
1200 1295 1425 1335 tuentem

189 1368 377 1417 lenibat
414 1367 558 1418 dictis
595 1368 820 1417 animum
856 1368 1184 1431 lacrimasque
1221 1367 1396 1417 ciebat.

189 1448 282 1497 illa.
310 1451 417 1498 solo
454 1451 578 1498 fixos
616 1452 789 1498 oculos
826 1467 997 1499 aversa
1033 1450 1235 1498 tenebat

191 1548 285 1580 nec
322 1531 477 1594 magis
515 1531 717 1595 incepto
753 1534 945 1580 vultum
983 1548 1212 1580 sermone
1249 1540 1476 1580 movetur
1791 1547 1875 1591 470

191 1629 342 1675 quam
380 1612 420 1661 si
457 1615 580 1662 dura
615 1612 736 1661 silex
771 1622 855 1661 aut
892 1622 987 1662 stet
1025 1612 1276 1675 Marpesia
1312 1621 1492 1661 cautes.

190 1697 396 1744 tandem
433 1694 669 1758 corripuit
705 1712 813 1744 sese
849 1704 998 1758 atque
1035 1694 1237 1742 inimica
1272 1693 1448 1757 refugit

190 1777 241 1825 in
280 1794 456 1826 nemus
494 1777 833 1837 umbriferum,
873 1776 1092 1826 coniunx
1127 1776 1214 1825 ubi
1250 1775 1484 1839 pristinus
1520 1774 1589 1823 illi

191 1861 460 1923 respondet
497 1859 625 1907 curis
662 1869 945 1922 aequatque
983 1860 1234 1921 Sychaeus
1270 1874 1505 1906 amorem.

191 1958 285 1990 nec
322 1940 486 1989 minus
524 1943 722 1989 Aeneas
759 1958 877 1989 casu
915 1956 1188 1988 concussus
1226 1939 1400 2003 iniquo
1789 1957 1869 1999 475

191 2021 505 2086 prosequitur
541 2022 755 2070 lacrimis
792 2024 939 2084 longe
977 2030 1025 2070 et
1062 2021 1321 2070 miseratur
1356 2030 1575 2070 euntem.

262 2105 391 2152 Inde
428 2105 600 2152 datum
638 2103 839 2152 molitur
874 2103 977 2152 iter.
1052 2103 1252 2166 iamque
1289 2120 1404 2151 arva
1440 2102 1678 2151 tenebant

192 2185 379 2244 ultima,
419 2202 548 2248 quae
586 2186 718 2234 bello
755 2185 871 2234 clari
909 2194 1097 2234 secreta
1132 2187 1460 2248 frequentant.

191 2266 273 2315 hic
309 2266 379 2314 illi
416 2266 628 2315 occurrit
665 2268 882 2330 Tydeus,
922 2266 1004 2315 hic
1041 2266 1256 2315 inclutus
1294 2266 1441 2314 armis

193 2350 598 2411 Parthenopaeus
637 2357 685 2396 et
721 2348 924 2397 Adrasti
960 2348 1190 2411 pallentis
1227 2347 1405 2411 imago,
1791 2356 1874 2407 480

191 2429 273 2477 hic
309 2432 523 2478 multum
559 2430 662 2479 fleti
697 2433 762 2479 ad
799 2447 1004 2494 superos
1042 2432 1275 2494 belloque
1311 2429 1489 2479 caduci

195 2511 527 2571 Dardanidae,
568 2529 693 2575 quos
731 2512 812 2561 ille
850 2512 1012 2562 omnis
1049 2515 1200 2576 longo
1237 2512 1411 2561 ordine
1448 2528 1655 2562 cernens

192 2591 446 2654 ingemuit,
487 2594 837 2657 Glaucumque
877 2595 1224 2656 Medontaque
1261 2592 1760 2656 Thersilochumque,

193 2673 276 2723 tris
312 2675 648 2724 Antenoridas
688 2676 956 2739 Cererique
997 2694 1190 2725 sacrum
1229 2676 1551 2738 Polyboeten,

250 2807 439 2854 455-484
460 2805 591 2844 MPR
825 2817 904 2854 455
935 2806 1094 2844 dimisit
1119 2804 1173 2842 M
1335 2806 1413 2854 467
1445 2804 1611 2842 ardenti
1633 2834 1641 2842 .
1668 2833 1676 2841 .
1701 2833 1710 2842 .
1735 2802 1871 2842 tuenti

192 2859 436 2910 Peerlkamp
826 2862 906 2910 468
937 2861 1121 2898 animam
1144 2860 1300 2911 Jortin,
1327 2859 1480 2910 probat
1506 2857 1695 2896 Deuticke
1734 2857 1869 2907 (1895)

194 2927 274 2963 474
304 2915 531 2965 respondit
551 2914 636 2953 Rb1
813 2927 893 2964 475
924 2927 1155 2964 percussus
1176 2914 1266 2952 ch
1431 2914 1513 2963 476
1540 2911 1768 2951 lacrimans
1787 2909 1878 2950 M²c

194 2981 272 3016 477
304 2970 478 3008 tenebat
498 2969 700 3020 Pprobat
718 2967 951 3009 Markland
1167 2971 1244 3019 481
1277 2969 1320 3008 hi
1341 2967 1414 3007 Mb
1634 2967 1715 3016 484
1746 2965 1870 3016 Poly-

195 3023 325 3062 boten
347 3022 405 3062 P1
425 3023 596 3062 Ribbeck
