2014 3372
229 152 278 199 P.
325 153 623 201 VERGILI
663 152 988 202 MARONIS

301 294 434 341 Tum
470 309 586 342 vero
622 295 820 341 Aeneas
858 290 1032 340 subitis
1070 291 1324 341 exterritus
1360 290 1547 341 umbris

232 373 432 436 corripit
469 391 496 422 e
533 390 712 422 somno
749 389 928 437 corpus
966 371 1230 436 sociosque
1266 372 1435 437 fatigat

230 454 540 519 praecipitis:
595 454 833 519 ‘vigilate,
872 454 973 515 viri,
1016 464 1064 504 et
1102 454 1346 504 considite
1382 454 1635 517 transtris;

230 536 405 586 solvite
442 539 551 586 vela
587 536 683 586 citi.
759 539 882 586 deus
919 538 1119 586 aethere
1157 536 1334 585 missus
1370 537 1434 586 ab
1470 538 1571 586 alto

230 618 460 668 festinare
498 621 664 683 fugam
701 628 956 683 tortosque
994 617 1213 668 incidere
1249 617 1378 666 funis
1828 634 1908 680 575

231 718 348 750 ecce
384 700 562 749 iterum
599 700 886 750 instimulat.
964 699 1217 763 sequimur
1253 706 1315 759 te,
1355 708 1524 748 sancte
1560 700 1781 760 deorum,
1894 702 1897 706 ’

232 781 454 846 quisquis
492 799 558 842 es,
598 781 907 846 imperioque
946 782 1124 831 iterum
1162 798 1390 845 paremus
1427 789 1645 830 ovantes.

230 863 363 913 adsis
401 881 431 912 o
467 863 794 928 placidusque
831 864 968 913 iuves
1006 873 1054 913 et
1081 863 1240 914 sidera
1276 865 1415 912 caelo

232 947 402 995 dextra
437 947 590 995 feras!
663 945 784 996 dixit
820 945 1096 1010 vaginaque
1134 944 1276 1009 eripit
1313 962 1483 994 ensem

232 1027 527 1077 fulmineum
564 1028 834 1092 strictoque
871 1028 980 1077 ferit
1018 1027 1288 1077 retinacula
1323 1029 1463 1077 ferro.
1832 1030 1913 1086 5'80

232 1110 367 1160 idem
404 1110 565 1160 omnis
603 1110 750 1160 simul
785 1112 932 1160 ardor
968 1111 1131 1171 habet,
1173 1109 1469 1175 rapiuntque
1504 1117 1786 1173 ruuntque,

232 1191 374 1241 litora
410 1194 684 1253 deseruere,
724 1195 842 1242 latet
880 1193 972 1242 sub
1011 1191 1250 1241 classibus
1289 1208 1489 1254 aequor,

231 1272 399 1323 adnixi
435 1283 668 1338 torquent
704 1291 905 1338 spumas
942 1282 991 1323 et
1027 1275 1221 1330 caerula
1258 1281 1467 1322 verrunt.

303 1358 366 1404 Et
402 1355 501 1404 iam
538 1356 696 1420 prima
732 1373 865 1405 novo
902 1356 1162 1420 spargebat
1200 1354 1387 1404 lumine
1424 1364 1573 1403 terras

233 1436 441 1485 Tithoni
476 1454 709 1486 croceum
746 1437 976 1500 linquens
1014 1439 1207 1485 Aurora
1244 1436 1419 1485 cubile.
1837 1440 1913 1495 585

233 1517 401 1582 regina
436 1535 463 1567 e
500 1518 713 1581 speculis
752 1527 805 1566 ut
842 1518 1052 1581 primam
1088 1518 1339 1567 albescere
1376 1520 1540 1567 lucem

233 1599 356 1650 vidit
392 1609 441 1649 et
476 1600 698 1664 aequatis
737 1602 946 1649 classem
983 1602 1252 1664 procedere
1288 1599 1421 1660 velis,

235 1682 476 1746 litoraque
513 1692 563 1732 et
597 1699 780 1732 vacuos
819 1682 971 1731 sensit
1009 1682 1115 1731 sine
1151 1681 1334 1746 remige
1371 1690 1554 1746 portus,

236 1776 407 1831 terque
444 1776 716 1831 quaterque
754 1783 905 1815 manu
943 1776 1115 1830 pectus
1154 1782 1386 1829 percussa
1424 1766 1663 1814 decorum

236 1847 560 1911 flaventisque
597 1848 815 1897 abscissa
851 1864 1020 1897 comas
1063 1851 1178 1910 ‘pro
1218 1846 1470 1910 Iuppiter!
1520 1844 1612 1894 ibit
1835 1862 1918 1907 590

237 1930 347 1990 hic‚'
385 1930 452 1979 ait
490 1934 567 1978 ‘et
603 1929 781 1978 nostris
820 1929 1041 1978 inluserit
1079 1930 1272 1978 advena
1311 1927 1509 1991 regnis?

238 2029 340 2061 non
375 2028 511 2060 arma
547 2011 810 2074 expedient
848 2020 1051 2074 totaque
1089 2028 1148 2060 ex
1183 2011 1306 2060 urbe
1345 2018 1624 2073 sequentur,

239 2092 582 2156 deripientque
618 2102 744 2141 rates
781 2092 862 2141 alii
900 2092 1193 2141 navalibus?
1241 2091 1320 2152 ite,

239 2176 359 2223 ferte
396 2173 479 2222 citi
515 2176 752 2232 flammas,
794 2175 908 2222 date
945 2175 1054 2232 tela,
1096 2174 1333 2238 impellite
1371 2176 1566 2224 remos!

241 2254 361 2318 quid
386 2257 598 2317 loquor?
621 2263 706 2302 aut
725 2253 811 2302 ubi
836 2270 946 2302 sum
966 2257 986 2302 ?
1012 2271 1139 2318 quae
1167 2264 1386 2304 mentem
1407 2253 1598 2303 insania
1618 2255 1812 2302 mutat?
1836 2269 1916 2313 595

240 2335 408 2384 infelix
446 2334 594 2394 Dido,
635 2352 768 2383 nunc
805 2344 853 2384 te
890 2337 1018 2384 facta
1057 2336 1208 2400 impia
1248 2338 1493 2400 tangunt?

243 2428 348 2465 tum
384 2415 563 2475 decuit,
606 2433 720 2464 cum
758 2426 949 2480 sceptra
990 2419 1157 2467 dabas.
1236 2434 1299 2466 en
1337 2418 1506 2465 dextra
1543 2417 1780 2479 fidesque,

243 2515 392 2561 quem
429 2514 598 2546 secum
635 2498 817 2560 patrios
855 2500 993 2548 aiunt
1031 2510 1225 2564 portare
1261 2498 1467 2562 penatis,
1798 2503 1802 2506 ’

244 2596 392 2643 quem
429 2578 637 2628 subiisse
675 2581 856 2629 umeris
899 2583 1184 2631 confectum
1222 2590 1382 2629 aetate
1418 2581 1703 2643 parentem!

243 2712 484 2815 Kvsigcila5,8:‘3
492 2711 906 2817 ηζιῗῖἴῖίοεξὸἓρἶιὲ9
916 2711 1109 2805 Dlissgerv.
1142 2722 1324 2803 secut5u7szz
1350 2710 1496 2814 [ἓξὲξ
1519 2713 1768 2813 gii-3553?
1776 2711 1925 2811 ἓξὲξ

239 2822 405 2870 ponunt
531 2823 612 2871 576
641 2821 830 2860 stimulat
864 2819 964 2859 Mab
993 2819 1107 2859 Serv.
1236 2820 1317 2868 586
1346 2818 1526 2868 primum
1566 2815 1732 2867 M7⁹bcrr
1841 2827 1922 2864 593

244 2873 458 2923 deripient
478 2875 700 2916 Heinsius:
751 2875 952 2925 diripient
978 2874 1087 2913 codd.
1281 2874 1363 2922 596
1391 2885 1479 2911 nun
1510 2870 1582 2911 P:
1633 2882 1733 2908 num
1762 2868 1925 2909 Probus

247 2927 463 2969 Cledom’us
568 2931 650 2980 598
681 2935 877 2979 portasse
893 2927 961 2967 M:
983 2928 1030 2967 de
1040 2927 1181 2968 Servio
1202 2940 1284 2965 non
1306 2927 1441 2976 liquet,
1456 2925 1530 2976 qui
1543 2924 1605 2962 ad
1619 2937 1655 2963 v.
1672 2936 1752 2974 597
1771 2924 1853 2963 ‘ln’c
1868 2927 1928 2962 est
1946 2937 1952 2942 ·

244 2996 368 3032 quem
400 2984 540 3024 dicunt
569 2989 734 3035 portare
762 2982 881 3031 deos,’
913 2982 973 3021 ad
998 2995 1035 3021 v.
1068 2983 1149 3032 598
1185 2984 1309 3020 ‘sunt
1336 2981 1411 3030 qui
1437 2980 1558 3018 aiunt
1580 2978 1740 3030 patrios
1762 2977 1926 3030 penatis

237 3040 446 3092 portasse’
469 3039 774 3089 interpretatur:
798 3043 1020 3087 portarese
1039 3036 1262 3076 Parisinus
1282 3037 1390 3086 7906
1568 3045 1650 3083 599
1678 3043 1826 3072 umero
1845 3030 1904 3070 P¹
