2014 3372
216 131 270 178 P.
306 130 604 179 VERGILI
644 129 969 178 MARONIS

214 268 446 318 sternitur
482 277 531 318 et
567 277 673 318 toto
709 267 959 332 proiectus
996 283 1203 331 corpore
1239 275 1407 316 terrae.

213 351 405 400 ducunt
442 359 490 398 et
528 351 717 398 Rutulo
753 350 976 412 perfusos
1013 347 1252 411 sanguine
1288 363 1469 396 currus.

213 439 326 494 post
362 431 572 479 bellator
607 445 765 493 equus
801 428 973 493 positis
1010 427 1285 492 insignibus
1322 429 1525 477 Aethon

213 511 250 560 it
286 511 547 561 lacrimans
583 513 834 575 guttisque
870 519 1090 560 umectat
1125 509 1395 574 grandibus
1431 526 1528 559 ora.
1831 527 1887 570 90

213 595 407 642 hastam
443 592 525 642 alii
560 594 852 657 galeamque
888 594 1062 650 ferunt,
1103 608 1219 639 narn
1256 599 1418 639 cetera
1453 592 1652 638 Turnus

213 673 370 723 victor
405 674 569 723 habet.
644 682 751 722 tum
787 682 975 722 maesta
1011 674 1225 736 phalanx
1261 670 1542 734 Teucrique
1579 677 1854 733 sequuntur

213 756 557 819 Tyrrhenique
593 772 767 804 omnes
804 764 853 804 et
888 754 1038 803 versis
1075 755 1295 803 Arcades
1331 752 1491 801 armis.

213 846 479 901 postquam
516 836 678 885 omnis
715 838 862 900 longe
897 835 1139 884 comitum
1175 842 1506 898 praecesserat
1541 833 1680 891 ordo,

213 918 431 969 substitit
467 921 664 967 Aeneas
699 917 987 982 gemituque
1023 918 1147 966 haec
1181 915 1377 965 addidit
1412 916 1545 963 alto:
1834 931 1886 973 95

218 1004 335 1049 ‘nos
371 999 490 1048 alias
527 999 645 1048 hinc
680 1000 745 1048 ad
782 998 1006 1047 lacrimas
1044 999 1221 1047 eadem
1258 995 1458 1045 horrida
1492 993 1611 1044 belli

213 1082 313 1130 fata
348 1089 558 1129 vocant:
608 1082 740 1129 salve
776 1088 1033 1129 aeternum
1071 1078 1206 1138 mihi,
1247 1077 1460 1126 maxime
1498 1077 1646 1135 Palla,

212 1171 569 1225 aeternumque
604 1163 742 1210 vale.²
812 1177 906 1210 nec
941 1162 1082 1224 plura
1116 1161 1291 1209 effatus
1327 1160 1392 1208 ad
1426 1159 1553 1206 altos

214 1244 452 1293 tendebat
489 1260 656 1296 muros
692 1259 1014 1307 gressumque
1050 1242 1102 1290 in
1138 1250 1295 1291 castra
1331 1240 1531 1289 ferebat.

282 1327 491 1388 Iamque
528 1334 744 1375 oratores
780 1326 986 1374 aderant
1021 1341 1081 1373 ex
1115 1324 1237 1372 urbe
1275 1321 1452 1371 Latina
1809 1337 1888 1366 100

211 1407 357 1456 velati
393 1406 539 1456 ramis
577 1409 716 1456 oleae
751 1406 1048 1469 veniamque
1084 1414 1345 1468 rogantes:

212 1506 429 1553 corpora,
470 1506 557 1552 per
592 1505 796 1552 campos
833 1490 959 1536 ferro
996 1503 1124 1550 quae
1160 1489 1268 1534 fusa
1303 1485 1544 1544 iacebant,

211 1572 440 1620 redderet
474 1587 532 1619 ac
569 1571 763 1618 tumulo
800 1569 981 1617 sineret
1016 1569 1283 1617 succedere
1319 1576 1507 1616 terrae:

212 1654 404 1700 nullum
442 1669 556 1700 cum
592 1650 733 1700 victis
771 1660 1022 1700 certamen
1059 1659 1107 1699 et
1144 1650 1342 1698 aethere
1378 1647 1528 1697 cassis
1546 1666 1559 1708 3

211 1743 432 1798 parceret
467 1733 748 1797 hospitibus
785 1734 1041 1796 quondam
1079 1731 1360 1794 socerisque
1395 1728 1595 1779 vocatis.
1809 1746 1884 1787 105

213 1832 338 1878 quos
375 1816 537 1864 bonus
575 1817 771 1864 Aeneas
809 1815 944 1865 haud
981 1814 1293 1876 aspernanda
1329 1810 1574 1875 precantis
1872 1828 1876 1831 ·

211 1895 525 1960 prosequitur
560 1895 705 1944 venia
740 1903 790 1944 et
824 1894 985 1943 verbis
1022 1896 1146 1942 haec
1182 1894 1383 1956 insuper
1418 1891 1590 1941 addit:

215 1983 487 2042 ‘quaenam
524 1994 612 2026 vos
648 1986 787 2026 tanto
823 1979 1021 2035 fortuna
1055 1975 1271 2039 indigna,
1313 1973 1490 2033 Latini,

211 2059 453 2123 implicuit
490 2059 636 2118 bello,
677 2058 763 2121 qui
798 2074 890 2106 nos
926 2056 1121 2121 fugiatis
1158 2055 1385 2105 amicos?
1432 2094 1434 2096 v

209 2159 385 2205 pacem
424 2159 503 2190 me
540 2140 779 2190 exanimis
817 2148 865 2189 et
903 2139 1077 2188 Martis
1116 2147 1245 2188 sorte
1282 2135 1550 2201 peremptis
1808 2154 1886 2182 110

210 2222 395 2271 oratis?
443 2222 677 2285 equidem
714 2230 763 2270 et
798 2220 919 2269 vivis
956 2223 1232 2269 concedere
1270 2221 1460 2268 vellem.

210 2320 302 2352 nec
338 2302 465 2363 veni,
505 2302 599 2351 nisi
635 2305 734 2351 fata
770 2304 936 2351 locum
975 2303 1247 2364 sedemque
1284 2299 1552 2358 dedissent,

209 2401 302 2434 nec
339 2386 526 2434 bellum
564 2401 679 2433 cum
715 2393 862 2447 gente
898 2400 1044 2447 gero:
1094 2400 1178 2431 rex
1213 2391 1380 2430 nostra
1416 2379 1612 2443 reliquit

209 2466 424 2529 hospitia
460 2475 508 2515 et
544 2465 701 2514 Turni
737 2465 903 2529 potius
941 2482 994 2514 se
1032 2463 1242 2514 credidit
1278 2462 1438 2511 armis.

209 2547 414 2610 aequius
451 2547 567 2596 huic
604 2549 831 2595 Turnum
869 2549 1027 2595 fuerat
1063 2563 1116 2594 se
1153 2561 1406 2608 opponere
1443 2541 1602 2592 morti.
1745 2571 1747 2574 -
1806 2558 1883 2602 1¹5

210 2628 249 2677 si
286 2630 472 2678 bellum
509 2628 649 2677 finire
686 2645 851 2688 manu,
892 2627 932 2676 si
969 2629 1151 2691 pellere
1188 2629 1408 2675 Teucros

209 2719 424 2772 apparat,
465 2709 540 2757 his
579 2726 777 2758 mecum
814 2709 982 2758 decuit
1019 2725 1310 2758 concurrere
1346 2707 1484 2756 telis:

209 2790 338 2840 vixet
374 2790 455 2839 cui
490 2790 642 2839 vitam
679 2792 804 2840 deus
840 2799 925 2839 aut
961 2807 1050 2839 sua
1085 2791 1257 2839 dextra
1292 2788 1524 2838 dedisset.

264 2922 427 2970 87—118
448 2920 579 2959 MPR
795 2932 849 2972 93
879 2919 1050 2972 omnes]
1073 2921 1204 2959 duces
1224 2920 1336 2959 Rbm
1355 2918 1470 2959 Serv.
1626 2928 1680 2966 94
1710 2927 1880 2966 proces·

209 2980 324 3013 serat
343 2975 389 3026 7²
408 2975 574 3015 editores
588 2975 769 3027 plerique
895 2987 948 3026 95
979 2975 1111 3015 edidit
1131 2974 1243 3013 M²R
1356 2986 1429 3014 101
1461 2977 1690 3023 precantes
1705 2970 1747 3009 R
1765 2969 1880 3012 Serv.

209 3028 267 3068 ad
282 3043 322 3070 x.
341 3042 389 3080 31
507 3032 584 3069 118
614 3031 709 3082 sua]
733 3030 798 3069 cui
818 3029 862 3067 P
