2014 3372
245 159 297 208 P.
339 161 639 209 VERGILI
679 160 1006 210 MARONIS

244 298 327 362 qui
363 298 599 349 iuvenum
636 299 726 348 tibi
763 315 957 362 semper
994 307 1146 358 erant,
1186 297 1465 348 miserande
1501 297 1701 359 iaceres,

241 381 292 429 ni
328 382 531 430 fratrum
569 381 748 444 stipata
783 382 961 430 cohors
997 382 1123 430 foret
1158 380 1319 441 obvia,
1360 379 1542 430 Phorci

239 462 515 525 progenies,
558 471 749 525 septem
786 478 1008 521 numero,
1050 471 1355 525 septenaque
1391 463 1490 511 tela

240 543 526 605 coniciunt3
574 543 752 607 partim
788 545 928 606 galea
964 542 1226 606 clipeoque
1261 545 1499 592 resultant
1838 565 1919 605 330

238 620 396 682 inrita,
436 621 637 671 deflexit
674 621 853 685 partim
890 621 1178 685 stringentia
1215 638 1393 685 corpus

237 704 368 751 alma
404 705 589 752 Venus.
664 704 823 752 fidum
858 705 1058 751 Aeneas
1094 703 1290 751 adfatur
1324 704 1587 753 Achaten:

241 788 471 847 ‘suggere
507 785 605 833 tela
641 783 777 843 mihi,
818 800 921 832 non
957 785 1114 832 ullum
1151 785 1351 832 dextera
1385 785 1562 833 frustra

237 865 431 914 torserit
467 865 519 913 in
557 866 786 924 Rutulos,
826 874 1067 914 steterunt
1104 882 1231 928 quae
1267 864 1318 913 in
1355 882 1561 928 corpore
1597 864 1805 914 Graium
1875 907 1877 909 .

238 947 401 996 Iliacis
438 947 658 1010 campis!
723 956 830 996 tum
866 964 1096 1010 magnam
1135 945 1333 1009 corripit
1369 948 1562 995 hastam
1840 967 1917 1008 335

235 1038 284 1078 et
320 1029 466 1078 iacit:
516 1028 599 1077 illa
633 1030 806 1078 volans
844 1027 990 1091 clipei
1027 1028 1384 1077 transverberat
1418 1045 1532 1077 aera

238 1110 468 1161 Maeonis
508 1120 556 1160 et
592 1112 798 1160 thoraca
833 1109 980 1159 simul
1016 1127 1131 1159 cum
1166 1119 1367 1173 pectore
1402 1110 1599 1173 rumpit.

234 1192 351 1241 huic
386 1194 532 1241 frater
569 1191 701 1241 subit
737 1193 957 1240 Alcanor
991 1193 1291 1254 fratremque
1326 1200 1552 1240 ruentem

234 1283 476 1323 sustentat
511 1275 714 1323 dextra:
762 1272 966 1322 traiecto
1003 1272 1152 1322 missa
1186 1275 1370 1322 lacerto

235 1355 458 1419 protinus
495 1357 637 1404 hasta
671 1355 794 1418 fugit
831 1365 1090 1419 servatque
1127 1365 1331 1404 cruenta
1366 1364 1606 1416 tenorem,
1835 1375 1915 1416 340

234 1438 533 1500 dexteraque
570 1454 630 1486 ex
665 1454 838 1486 umero
875 1436 1036 1485 nervis
1073 1436 1373 1486 moribunda
1407 1436 1660 1501 pependit.

234 1527 340 1566 tum
386 1517 620 1567 Numitor
655 1517 818 1566 iaculo
855 1517 1012 1566 fratris
1049 1519 1113 1566 de
1149 1534 1354 1580 corpore
1391 1527 1533 1581 rapto

233 1602 441 1648 Aenean
478 1599 646 1663 petiit:
697 1601 787 1648 sed
824 1617 927 1648 non
965 1608 1013 1648 et
1049 1601 1197 1663 figere
1232 1608 1405 1648 contra

233 1691 305 1730 est
343 1681 547 1742 licitum,
587 1681 853 1745 magnique
890 1683 1050 1730 femur
1085 1681 1363 1745 perstrinxit
1399 1682 1636 1730 Achatae.

302 1762 404 1811 Hic
442 1762 657 1813 Curibus
695 1764 855 1812 fidens
893 1762 1145 1825 primaevo
1183 1779 1388 1826 corpore
1425 1764 1637 1812 Clausus
1829 1779 1909 1824 345

231 1842 432 1892 advenit
469 1853 517 1892 et
553 1843 708 1907 rigida
747 1846 1002 1907 Dryopem
1039 1843 1150 1891 ferit
1186 1843 1380 1892 eminus
1416 1845 1557 1892 hasta

232 1926 326 1973 sub
362 1935 587 1974 mentum
623 1925 830 1988 graviter
866 1942 1046 1988 pressa,
1086 1924 1365 1987 pariterque
1401 1924 1650 1988 loquentis

230 2023 406 2055 vocem
442 2007 761 2070 animamque
797 2006 922 2069 rapit
959 2005 1162 2054 traiecto
1198 2015 1426 2069 gutture3
1473 2015 1522 2054 at
1557 2006 1640 2055 ille

231 2090 391 2137 fronte
426 2088 536 2137 ferit
571 2098 749 2137 terram
786 2097 835 2137 et
870 2104 1090 2136 crassum
1126 2087 1282 2136 vomit
1319 2104 1402 2136 ore
1440 2104 1678 2136 cruorem.

231 2168 314 2217 tris
351 2186 553 2233 quoque
589 2169 846 2218 Threicios
885 2172 1074 2218 Boreae
1110 2170 1175 2218 de
1210 2178 1356 2231 gente
1393 2185 1622 2231 suprema
1828 2189 1908 2229 359

232 2260 280 2299 et
316 2250 400 2299 tris
438 2268 563 2314 quos
603 2253 720 2300 Idas
756 2260 896 2314 pater
932 2260 980 2300 et
1017 2250 1173 2314 patria
1211 2253 1399 2299 Ismara
1434 2249 1597 2310 mittit,

229 2349 317 2395 per
351 2332 510 2382 varios
547 2333 718 2382 sternit
755 2350 910 2382 casus.
985 2332 1193 2381 accurrit
1232 2334 1479 2381 Halaesus

231 2416 598 2478 Auruncaeque
635 2431 826 2474 manus,
867 2413 999 2463 subit
1036 2422 1085 2462 et
1122 2413 1375 2477 Neptunia
1410 2415 1586 2476 proles,

229 2495 433 2559 insignis
473 2498 737 2559 Messapus
776 2495 928 2559 equis.
1006 2497 1248 2558 expellere
1290 2497 1502 2544 tendunt

229 2594 364 2625 nunc
399 2578 464 2637 hi,
504 2595 637 2625 nunc
674 2577 772 2626 illi:
821 2586 1034 2626 certatur
1069 2576 1239 2625 limine
1274 2576 1325 2624 in
1361 2575 1471 2639 ipso
1827 2595 1904 2636 355

228 2658 494 2708 Ausoniae.
570 2675 752 2721 magno
790 2658 1045 2707 discordes
1081 2659 1280 2707 aethere
1314 2656 1449 2706 venti

229 2738 414 2802 proelia
451 2755 542 2787 ceu
579 2740 759 2787 tollunt
795 2738 973 2787 animis
1012 2748 1059 2787 et
1096 2738 1279 2786 viribus
1316 2737 1487 2800 aequis
1507 2755 1522 2799 3

283 2881 472 2919 327-357
497 2868 629 2907 MPR
795 2881 878 2919 329
899 2880 1077 2907 numero
1100 2873 1265 2918 septem
1285 2883 1313 2905 π
1322 2868 1504 2917 fortasse
1523 2871 1619 2906 recte
1718 2877 1798 2915 334
1819 2874 1902 2905 ste-

228 2924 357 2963 terint
377 2923 470 2963 Ml:
506 2929 715 2963 steterant
745 2922 902 2973 7²c¹mt
937 2928 1231 2972 steteruntque
1252 2922 1466 2973 M²R7bm
1495 2920 1677 2973 agnoscit
1702 2918 1758 2960 D.
1784 2919 1896 2960 Serv.

228 2990 309 3027 339
339 2982 381 3016 at
401 2978 558 3017 reiecto
582 2979 721 3017 conicit
734 2977 907 3016 Ribbeck
1053 2990 1135 3027 349
1164 2976 1284 3028 ferit]
1306 2976 1460 3027 premit
1479 2974 1565 3025 Ργι
1703 2987 1785 3024 350
1814 2979 1902 3014 tres

227 3036 263 3070 et
282 3043 359 3081 351
383 3032 462 3071 tris
482 3032 637 3071 invenit
655 3031 712 3071 A.
743 3031 896 3070 Gellius
916 3031 1005 3070 xiii.
1030 3044 1097 3079 21,
1125 3044 1174 3070 10
