2020 3372
1336 150 1757 199 GEORGICON
1798 150 1822 197 Ι

153 295 328 343 denset
364 302 502 342 erant
538 309 665 356 quae
701 309 806 340 rara
842 293 1008 352 modo,
1049 301 1097 341 et
1134 309 1262 355 quae
1298 293 1453 341 densa
1489 294 1682 351 relaxat,

152 383 405 422 vertuntur
440 373 628 438 species
664 373 958 432 animorum,
997 382 1045 421 et
1081 382 1282 436 pectora
1317 384 1481 421 motus
1743 392 1824 432 420

154 471 286 502 nunc
322 454 456 514 alios,
496 453 618 502 alios
654 455 776 502 dum
813 453 983 502 nubila
1018 462 1194 501 ventus
1229 454 1418 516 agebat,

153 534 473 598 concipiunt:
522 534 638 582 hinc
674 533 755 582 ille
790 533 955 582 avium
992 542 1264 581 concentus
1300 532 1351 580 in
1387 533 1512 596 agris

154 625 201 664 et
238 618 394 664 laetae
429 616 646 679 pecudes
684 624 732 663 et
769 623 972 662 ovantes
1009 622 1203 676 gutture
1239 613 1386 662 corvi.

221 697 273 746 Si
307 714 423 746 vero
460 699 616 745 solem
651 698 716 745 ad
753 696 980 759 rapidum
1018 698 1259 758 lunasque
1301 695 1552 758 sequentis

154 778 327 828 ordine
363 777 605 841 respicies,
647 794 921 840 numquam
958 786 1006 824 te
1043 776 1254 824 crastina
1289 777 1422 824 fallet
1740 796 1821 836 425

154 863 286 920 hora,
326 877 488 923 neque
524 859 714 908 insidiis
751 858 910 907 noctis
947 859 1140 922 capiere
1177 875 1390 907 serenae.

153 945 270 991 luna
304 940 587 990 revertentis
624 958 739 989 cum
775 940 988 1003 primum
1026 940 1210 1003 colligit
1245 939 1383 1002 ignis,

153 1024 194 1072 si
229 1023 422 1087 nigrum
459 1023 672 1071 obscuro
708 1021 1080 1086 comprenderit
1108 1024 1221 1070 aera
1256 1037 1423 1080 cornu,

153 1105 394 1154 maximus
429 1103 652 1167 agricolis
689 1106 964 1167 pelagoque
1000 1102 1249 1167 parabitur
1284 1101 1443 1150 imber
1458 1121 1472 1162 3

152 1195 202 1234 at
237 1186 278 1235 si
312 1185 585 1248 virgineum
621 1185 877 1234 suffuderit
914 1201 997 1234 ore
1032 1185 1277 1243 ruborem,
1744 1203 1826 1244 430
1904 1181 1910 1185 ’

153 1277 327 1316 ventus
364 1266 481 1315 erit:
530 1275 680 1315 vento
717 1283 911 1329 semper
946 1266 1089 1314 rubet
1124 1282 1271 1313 aurea
1308 1264 1525 1313 Phoebe.

152 1347 229 1397 sin
264 1356 374 1396 ortu
410 1356 585 1410 quarto
623 1347 860 1411 (namque
895 1346 935 1394 is
972 1346 1271 1395 certissimus
1307 1345 1499 1408 auctor)

153 1446 275 1493 pura
308 1445 472 1492 neque
508 1427 732 1477 obtunsis
769 1445 856 1491 per
891 1429 1084 1476 caelum
1120 1427 1353 1476 cornibus
1390 1425 1492 1485 ibit,

153 1519 284 1559 totus
321 1519 369 1558 et
404 1509 485 1557 ille
521 1509 627 1558 dies
664 1518 712 1557 et
748 1509 833 1571 qui
869 1517 1134 1557 nascentur
1167 1508 1232 1556 ab
1265 1507 1350 1555 illo

153 1601 380 1647 exactum
414 1592 480 1639 ad
517 1607 739 1639 mensem
775 1590 941 1653 pluvia
975 1589 1234 1652 ventisque
1271 1588 1523 1647 carebunt,
1743 1608 1823 1649 435

152 1682 365 1736 votaque
401 1672 577 1721 servati
613 1674 804 1720 solvent
840 1671 890 1719 in
926 1671 1067 1720 litore
1103 1679 1283 1719 nautae

154 1756 346 1803 Glauco
384 1763 432 1802 et
471 1757 734 1816 Panopeae
771 1762 820 1801 et
857 1754 985 1800 Inoo
1023 1750 1323 1800 Melicertae.

153 1837 227 1884 sol
263 1852 463 1899 quoque
501 1844 550 1883 et
586 1833 807 1882 exoriens
844 1842 893 1881 et
928 1850 1043 1881 cum
1080 1849 1133 1881 se
1168 1833 1352 1880 condet
1389 1831 1440 1879 in
1476 1832 1637 1880 undas

153 1916 291 1979 signa
326 1916 498 1976 dabit3
545 1917 701 1964 solem
738 1914 1008 1963 certissima
1043 1913 1181 1977 signa
1217 1922 1500 1976 sequuntur,

153 2007 201 2046 et
237 2015 365 2061 quae
401 2015 547 2047 mane
583 1999 727 2046 refert
763 2005 812 2044 et
848 2012 975 2058 quae
1011 1994 1321 2057 surgentibus
1357 1992 1510 2041 astris.
1742 2013 1824 2054 440

152 2079 234 2127 ille
269 2079 356 2129 ubi
391 2089 678 2128 nascentem
716 2077 922 2126 maculis
958 2076 1211 2125 variaverit
1247 2085 1410 2124 ortum

153 2160 384 2209 conditus
420 2161 471 2208 in
507 2160 694 2209 nubem
731 2158 998 2220 medioque
1034 2156 1261 2219 refugerit
1297 2156 1429 2214 orbe,

153 2240 369 2303 suspecti
404 2241 494 2289 tibi
531 2241 627 2289 sint
663 2240 875 2289 imbres:
924 2254 1141 2301 namque
1177 2247 1315 2300 urget
1350 2237 1415 2285 ab
1450 2238 1551 2285 alto

152 2321 508 2385 arboribusque
544 2321 759 2384 satisque
797 2323 959 2369 Notus
995 2318 1261 2382 pecorique
1298 2317 1502 2366 sinister.

153 2411 237 2449 aut
273 2402 359 2450 ubi
395 2403 488 2451 sub
523 2404 686 2451 lucem
723 2403 879 2451 densa
914 2400 1041 2448 inter
1076 2399 1246 2448 nubila
1281 2415 1389 2447 sese
1741 2419 1820 2458 445

154 2482 332 2532 diversi
368 2493 598 2546 rumpent
633 2483 769 2542 radii,
808 2491 892 2530 aut
928 2481 1015 2530 ubi
1050 2480 1233 2544 pallida
1269 2489 1431 2542 surget

153 2565 359 2614 Tithoni
395 2582 623 2614 croceum
661 2565 889 2628 linquens
927 2566 1118 2611 Aurora
1153 2561 1329 2621 cubile,

154 2647 266 2705 heu,
304 2647 432 2694 male
468 2655 574 2694 tum
610 2645 741 2693 mitis
778 2645 1013 2694 defendet
1049 2643 1313 2706 pampinus
1349 2658 1501 2701 uvas3

208 2776 400 2824 419—448
430 2773 522 2813 MR
780 2787 861 2823 419
901 2774 1054 2812 densat
1086 2771 1202 2810 Μῧπ2
1372 2783 1452 2819 422
1487 2770 1556 2807 hic
1588 2767 1658 2806 Ml
1779 2768 1822 2805 in

154 2829 288 2880 agris]
312 2830 355 2867 in
375 2830 490 2867 auris
511 2828 715 2869 Schrader
829 2840 911 2876 430
939 2834 1012 2866 aut
1052 2827 1101 2864 M
1108 2826 1121 2848 ¹
1246 2837 1325 2875 434
1356 2829 1557 2864 nascetur
1577 2823 1619 2860 R
1741 2823 1822 2870 436

153 2884 207 2922 ad
242 2883 366 2922 litora
395 2884 437 2921 R
602 2896 678 2933 437
711 2882 955 2931 Glaucoque
996 2880 1178 2931 Wagner
1340 2891 1422 2929 439
1452 2883 1687 2928 sequentur
1715 2875 1818 2915 Mb¹c

154 2939 235 2986 446
263 2943 466 2988 rumpunt
486 2938 528 2976 R
635 2938 772 2986 surgit
792 2936 873 2975 Rbl
