2014 3372
218 149 270 196 P.
312 149 613 197 VERGILI
653 148 980 197 MARONIS

219 286 396 337 dividit
432 287 753 351 impubisque
790 286 997 335 immani
1032 289 1235 337 vulnere
1271 290 1438 337 malas.

218 371 273 418 fit
310 387 476 430 sonus,
515 368 704 432 ingenti
740 385 985 417 concussa
1021 378 1095 418 est
1130 371 1354 433 pondere
1390 371 1565 418 tellus:

219 454 484 515 conlapsos
520 460 653 500 artus
690 461 842 514 atque
877 468 1014 500 arma
1050 461 1254 500 cruenta
1290 452 1493 500 cerebro

220 533 391 583 sternit
427 533 567 582 humi
604 533 835 593 moriens,
873 542 1024 596 atque
1060 533 1130 582 illi
1166 533 1387 597 partibus
1423 532 1595 596 aequis

219 617 318 663 huc
354 624 504 678 caput
538 624 688 678 atque
724 615 841 663 illuc
877 632 1050 663 umero
1087 632 1147 663 ex
1182 624 1393 678 utroque
1427 613 1680 678 pependit.
1823 631 1900 676 755

289 695 568 759 Diffugiunt
604 696 731 745 versi
766 696 960 759 trepida
995 696 1260 746 formidine
1297 699 1467 745 Troes.

220 787 269 827 et
305 777 345 827 si
381 778 622 827 continuo
658 778 897 828 victorem
935 796 993 827 ea
1029 795 1146 827 cura
1182 777 1410 838 subisset,

219 877 448 924 rumpere
485 862 698 909 claustra
734 877 886 908 manu
924 859 1188 923 sociosque
1223 859 1490 908 immittere
1525 858 1693 923 portis,

220 941 422 990 ultimus
459 941 541 991 ille
578 941 685 991 dies
722 942 856 991 bello
891 941 1128 1005 gentique
1164 941 1348 990 fuisset.

220 1024 309 1072 sed
345 1025 478 1071 furor
513 1025 772 1072 ardentem
808 1022 1077 1086 caedisque
1112 1022 1287 1072 insana
1321 1022 1508 1087 cupido
1824 1029 1905 1082 760

220 1104 318 1169 egit
354 1104 405 1152 in
441 1107 689 1154 adversos.

219 1186 463 1251 principio
501 1187 750 1236 Phalerim
788 1197 837 1236 et
873 1187 1066 1236 succiso
1102 1187 1292 1251 poplite
1328 1189 1503 1251 Gygen

220 1269 415 1333 excipit,
455 1269 572 1318 hinc
609 1279 772 1333 raptas
808 1269 1110 1333 fugientibus
1147 1268 1323 1333 ingerit
1358 1270 1524 1317 hastas

219 1353 271 1401 in
308 1361 486 1416 tergus,
529 1354 659 1401 Iuno
694 1351 808 1401 viris
845 1351 1170 1415 animumque
1206 1350 1461 1400 ministrat.

220 1433 361 1483 addit
396 1435 568 1496 Halyn
604 1433 841 1482 comitem
878 1443 926 1483 et
964 1435 1158 1482 confixa
1194 1434 1392 1496 Phegea
1428 1449 1613 1496 parma,
1827 1438 1902 1494 765

221 1515 416 1579 ignaros
454 1514 639 1564 deinde
675 1515 727 1563 in
765 1515 916 1564 muris
955 1517 1272 1577 Martemque
1309 1513 1482 1563 cientis

221 1599 634 1661 Alcandrumque
673 1597 984 1661 Haliumque
1022 1600 1389 1660 Noemonaque
1426 1594 1792 1659 Prytanimque.

224 1683 425 1743 Lyncea
460 1681 753 1729 tendentem
790 1688 963 1729 contra
1000 1678 1263 1741 sociosque
1300 1686 1567 1726 vocantem

222 1761 435 1811 vibranti
470 1762 636 1825 gladio
673 1761 880 1811 conixus
915 1762 980 1810 ab
1017 1778 1192 1825 aggere
1228 1762 1399 1809 dexter

224 1854 449 1909 occupat,
490 1845 606 1894 huic
643 1863 745 1894 uno
782 1845 1033 1895 deiectum
1070 1842 1351 1893 comminus
1387 1841 1490 1891 ictu
1829 1859 1908 1903 770

225 1944 340 1976 cum
376 1928 515 1990 galea
550 1929 699 1989 longe
734 1926 885 1974 iacuit
920 1934 1082 1989 caput.
1157 1924 1275 1972 inde
1311 1925 1523 1972 ferarum

225 2017 523 2057 vastatorem
560 2010 823 2070 Amycum,
865 2023 966 2070 quo
1003 2023 1106 2055 non
1143 2004 1331 2054 felicior
1366 2006 1488 2052 alter

225 2107 409 2154 ungere
446 2091 544 2138 tela
580 2106 732 2138 manu
768 2090 1052 2151 ferrumque
1087 2103 1276 2136 armare
1311 2102 1520 2145 veneno,

226 2180 274 2220 et
312 2171 532 2234 Clytium
567 2170 817 2220 Aeoliden
854 2179 902 2219 et
937 2168 1156 2218 amicum
1194 2169 1409 2218 Crethea
1446 2165 1621 2225 Musis,

228 2254 442 2302 Crethea
480 2254 741 2300 Musarum
777 2251 1027 2310 comitem,
1070 2249 1151 2298 cui
1189 2248 1408 2298 carmina
1443 2264 1638 2311 semper
1829 2263 1906 2307 775

227 2342 275 2382 et
313 2333 528 2382 citharae
564 2333 703 2382 cordi
739 2349 1075 2396 numerosque
1113 2331 1371 2380 intendere
1407 2328 1583 2388 nervis,

228 2432 422 2478 semper
458 2431 614 2479 equos
650 2423 801 2477 atque
837 2431 973 2463 arma
1009 2413 1168 2462 virum
1205 2428 1495 2476 pugnasque
1532 2409 1756 2459 canebat.

296 2497 527 2545 Tandem
564 2497 796 2545 ductores
832 2495 1003 2545 audita
1038 2496 1194 2544 caede
1231 2510 1434 2543 suorum

230 2577 534 2628 conveniunt
570 2578 764 2638 Teucri,
810 2579 1107 2628 Mnestheus
1144 2593 1356 2639 acerque
1399 2577 1634 2632 Serestus,

228 2659 541 2724 palantisque
576 2659 748 2710 vident
785 2660 947 2709 socios
984 2661 1282 2721 hostemque
1317 2665 1586 2719 receptum⁴
1833 2663 1910 2714 780

230 2751 279 2791 et
317 2743 646 2791 Mnestheus:
686 2746 813 2805 ‘quo
851 2740 1035 2790 deinde
1071 2742 1252 2803 fugam,
1292 2755 1393 2801 quo
1429 2735 1697 2786 tenditis?'
1733 2734 1906 2798 inquit.

279 2875 466 2923 751—781
485 2872 616 2911 MPR
731 2873 806 2922 761
831 2884 1004 2910 aversos
1018 2870 1197 2920 Bentley,
1213 2869 1365 2920 probat
1376 2866 1548 2906 Ribbeck
1659 2866 1738 2914 764
1760 2869 1909 2913 tergus

230 2927 334 2966 P¹R
368 2928 583 2967 Charisius
617 2926 733 2966 serv.
766 2926 862 2966 adi.
887 2938 994 2965 211:
1038 2931 1206 2974 tergum
1239 2922 1451 2973 MP²7bcrr
1481 2919 1647 2960 Nonius
1831 2919 1911 2967 765

233 2983 447 3021 confixum
469 2981 647 3032 M²P²71
781 2982 862 3031 769
892 2981 1046 3019 dextra
1067 2978 1184 3017 M1c1r
1325 2989 1404 3026 770
1435 2976 1654 3014 desectum
1674 2972 1720 3024 -γ1
1741 2971 1913 3012 Ribbeck

234 3049 314 3086 773
345 3037 516 3086 tingere
536 3035 704 3086 Bentley
870 3036 945 3083 781
978 3033 1081 3082 fuga
1100 3031 1157 3071 Pl
1465 3040 1469 3042 ⁴
1766 3035 1786 3051 -’
1827 3035 1833 3037 “
1876 3031 1908 3037 ”
