2014 3372
234 163 286 209 P..
327 161 626 210 VERGILI
666 161 993 210 MARONIS

233 304 322 352 sed
358 301 479 350 mihi
517 310 646 350 sorte
683 302 870 350 datum.
944 308 1080 348 tenet
1117 298 1198 348 ille
1234 298 1471 348 immania
1507 316 1636 360 saxa,
1743 360 1746 362 q

231 394 429 444 vestras,
471 386 616 441 Eure,
657 384 836 432 domos
853 400 867 443 3
919 381 1002 430 illa
1039 399 1091 430 se
1128 381 1275 430 iactet
1311 381 1362 430 in
1397 384 1511 430 aula
1832 402 1910 444 140

232 469 419 516 Aeolus
457 475 505 515 et
541 468 711 514 clauso
746 474 1008 514 ventorum
1044 481 1238 513 carcere
1274 467 1473 528 regnet.'

301 550 382 599 Sic
418 550 486 598 ait
522 559 570 599 et
607 549 742 599 dicto
779 548 923 598 citius
959 548 1151 597 tumida
1185 564 1403 611 aequora
1437 550 1599 611 placat

231 634 566 695 collectasque
602 633 738 695 fugat
773 631 932 680 nubes
970 632 1227 693 solemque
1263 629 1468 679 reducit.

233 715 514 777 Cymothoe
551 713 697 762 simul
733 722 782 762 et
818 712 993 762 Triton
1029 711 1239 761 adnixus
1274 720 1423 760 acuto

234 797 506 844 detrudunt
542 794 680 843 navis
717 796 928 858 scopulo
946 813 959 855 3
1007 796 1136 842 levat
1167 793 1274 856 ipse
1310 792 1511 842 tridenti
1833 813 1908 854 145

231 886 280 925 et
316 885 477 925 vastas
514 875 671 940 aperit
709 875 850 939 syrtis
888 885 936 924 et
972 884 1215 938 temperat
1249 891 1437 938 aequor

230 968 380 1021 atque
417 957 534 1006 rotis
572 973 791 1006 summas
828 955 1019 1005 levibus
1057 955 1327 1019 perlabitur
1361 956 1534 1004 undas.

231 1057 290 1088 ac
326 1039 478 1088 veluti
516 1056 697 1103 magno
733 1039 785 1087 in
822 1040 1010 1102 populo
1047 1054 1163 1087 cum
1199 1054 1347 1100 saepe
1384 1046 1553 1086 coorta
1588 1046 1662 1086 est

232 1120 411 1170 seditio
449 1120 704 1183 saevitque
739 1119 918 1169 animis
955 1119 1173 1184 ignobile
1209 1120 1383 1182 vulgus
1401 1137 1415 1179 3

231 1202 432 1266 iamque
456 1204 589 1251 faces
615 1212 664 1251 et
689 1219 805 1251 saxa
829 1204 1011 1261 volant,
1039 1204 1173 1250 furor
1196 1217 1333 1249 arma
1357 1200 1600 1248 ministrat
1617 1218 1632 1261 3
1833 1220 1911 1262 150

232 1294 352 1344 tum,
393 1283 577 1347 pietate
613 1300 811 1347 gravem
847 1300 907 1332 ac
944 1282 1129 1332 meritis
1167 1281 1208 1330 si
1244 1284 1370 1331 forte
1406 1281 1565 1330 virum
1602 1297 1752 1345 quem

232 1382 546 1429 conspexere,
588 1365 734 1414 silent
769 1364 1070 1428 arrectisque
1105 1363 1306 1412 auribus
1342 1372 1540 1424 astant,

231 1446 313 1495 ille
349 1446 470 1510 regit
507 1447 652 1496 dictis
688 1446 882 1495 animos
919 1456 968 1495 et
1004 1455 1205 1509 pectora
1241 1447 1458 1493 mulcet:

232 1528 302 1577 sic
339 1538 547 1577 cunctus
584 1528 744 1591 pelagi
781 1527 962 1576 cecidit
997 1529 1168 1590 fragor,
1208 1543 1425 1589 aequora
1460 1535 1727 1589 postquam

232 1610 537 1673 prospiciens
574 1610 766 1674 genitor
802 1612 1042 1673 caeloque
1078 1609 1302 1658 invectus
1337 1617 1509 1671 aperto
1834 1628 1908 1669 155

232 1692 384 1740 flectit
421 1709 577 1755 equos
615 1708 860 1755 curruque
895 1693 1067 1740 volans
1105 1692 1190 1739 dat
1225 1692 1329 1740 lora
1364 1692 1601 1739 secundo.

302 1773 497 1822 Defessi
534 1775 805 1823 Aeneadae
842 1790 970 1836 quae
1006 1772 1230 1836 proxima
1265 1761 1408 1821 litora
1443 1775 1589 1820 cursu

233 1857 545 1904 contendunt
582 1865 763 1918 petere,
804 1865 852 1903 et
891 1854 1077 1918 Libyae
1113 1864 1368 1903 vertuntur
1404 1856 1469 1903 ad
1506 1870 1629 1903 oras·

232 1946 306 1985 est
331 1936 381 1984 in
418 1953 616 1985 secessu
652 1938 803 1998 longo
839 1938 1011 1984 locus:
1060 1936 1221 1984 insula
1255 1945 1456 1998 portum

232 2017 380 2067 efficit
417 2018 618 2067 obiectu
654 2019 877 2077 laterum,
917 2017 1098 2080 quibus
1136 2017 1300 2066 omnis
1336 2018 1400 2066 ab
1437 2020 1538 2066 alto
1833 2024 1911 2066 160

233 2099 467 2162 frangitur
502 2099 653 2163 inque
691 2099 826 2148 sinus
863 2099 1045 2148 scindit
1081 2116 1189 2148 sese
1225 2101 1361 2148 unda
1396 2101 1642 2149 reductos.

233 2180 350 2229 hinc
386 2190 535 2244 atque
573 2180 689 2229 hinc
726 2190 892 2229 vastae
929 2197 1074 2243 rupes
1111 2181 1398 2244 geminique
1436 2181 1686 2230 minantur

233 2262 284 2310 in
322 2264 515 2311 caelum
551 2262 756 2324 scopuli,
796 2279 1009 2326 quorum
1047 2263 1140 2311 sub
1177 2262 1358 2311 vertice
1395 2265 1491 2311 late

235 2361 449 2407 aequora
485 2353 591 2392 tuta
626 2344 771 2392 silent
788 2361 801 2405 3
852 2353 959 2392 tum
995 2343 1128 2392 silvis
1168 2361 1348 2393 scaena
1384 2344 1600 2393 coruscis

234 2427 462 2489 desuper,
490 2425 809 2488 horrentique
832 2435 993 2474 atrum
1019 2443 1196 2475 nemus
1222 2426 1449 2475 imminet
1473 2426 1680 2485 umbra3
1789 2470 1792 2472 ,
1833 2433 1908 2486 165

234 2510 394 2556 fronte
431 2508 525 2556 sub
560 2510 765 2557 adversa
793 2507 1019 2570 scopulis
1055 2508 1391 2571 pendentibus
1427 2517 1637 2566 antrum,

235 2588 366 2637 intus
402 2605 561 2651 aquae
599 2592 769 2642 dulces
807 2595 1035 2659 vivoque⁴
1058 2594 1231 2644 sedilia
1267 2592 1418 2653 saxo,

236 2672 566 2733 nympharum
604 2675 797 2724 domus.
873 2677 954 2725 hic
991 2679 1142 2725 fessas
1181 2692 1283 2724 non
1320 2674 1518 2722 vincula
1553 2671 1691 2721 navis

237 2753 335 2800 ulla
370 2761 555 2814 tenent,
594 2774 727 2807 unco
764 2775 866 2808 non
903 2758 1068 2821 alligat
1103 2774 1285 2806 ancora
1322 2772 1501 2804 morsu.

296 2888 483 2937 139·169
513 2888 606 2926 MR
795 2890 871 2938 148
901 2902 1053 2939 magna
1092 2903 1119 2926 π
1260 2899 1337 2935 150
1365 2884 1531 2935 volant]
1570 2883 1718 2922 volunt
1758 2881 1911 2921 multos

238 2940 433 2980 invenisse
472 2947 620 2983 narrat
655 2943 710 2982 D.
744 2942 858 2983 Serv.
996 2945 1179 2992 167-171
1213 2941 1352 2981 ordine
1371 2940 1531 2980 turbato
1549 2937 1701 2977 exhibet
1719 2935 1773 2975 M
