2014 3372
1361 160 1722 210 AENEIDOS
1758 161 1806 207 X

147 312 221 352 est
255 304 513 361 AmathuS‚
554 310 628 351 est
662 302 794 350 celsa
828 299 951 349 mihi
987 301 1187 363 Paphus
1222 308 1372 362 atque
1408 299 1623 361 Cythera

148 384 434 447 Idaliaeque
470 384 678 432 domus:
726 380 898 444 positis
934 380 1168 445 inglorius
1204 379 1350 429 armis

146 464 305 528 exigat
339 464 420 512 hic
455 481 644 512 aevum.
718 479 896 526 magna
930 462 1127 511 dicione
1163 462 1334 511 iubeto

148 547 401 609 Karthago
437 554 627 608 premat
661 544 965 593 Ausoniam:
1014 543 1135 591 nihil
1171 543 1374 591 urbibus
1410 542 1528 591 inde

145 626 362 675 obstabit
397 626 568 689 Tyriis.
642 625 763 689 quid
798 634 987 688 pestem
1024 627 1230 674 evadere
1264 624 1384 674 belli
1755 641 1804 683 55

144 706 264 755 iuvit
300 717 348 756 et
383 707 640 770 Argolicos
677 706 898 755 medium
934 705 1115 769 fugisse
1155 722 1242 768 per
1275 705 1401 769 ignis

132 798 316 852 ,totque
353 788 498 837 maris
535 797 801 851 vastaeque
838 789 1072 836 exhausta
1107 787 1325 850 pericula
1364 796 1532 846 terrae,

144 871 265 918 dum
302 869 498 917 Latium
534 868 714 917 Teucri
749 867 1062 931 recidivaque
1099 871 1335 931 Pergama
1370 869 1650 930 quaerunt?

143 967 245 999 non
281 950 431 999 satius
467 950 653 999 cineres
689 950 873 1013 patriae
907 949 1147 998 insedisse
1183 966 1438 1012 supremos

142 1042 291 1095 atque
327 1035 487 1081 solum
524 1049 624 1095 quo
660 1031 811 1080 Troia
845 1030 972 1079 fuit?
1018 1033 1276 1079 Xanthum
1312 1040 1361 1079 et
1399 1030 1653 1079 Simoenta
1754 1037 1807 1077 60

142 1115 307 1172 redde,
347 1130 448 1170 oro,
487 1112 675 1161 miseris
710 1111 987 1175 iterumque
1021 1113 1269 1160 revolvere
1304 1128 1445 1160 casus

142 1196 218 1252 da,
258 1203 407 1257 pater,
448 1193 625 1242 Iliacos
661 1192 895 1241 Teucris.'
964 1202 1071 1241 tum
1108 1192 1238 1256 regia
1274 1194 1405 1241 Iuno

141 1284 252 1323 acta
286 1277 446 1323 furore
482 1274 642 1337 gravi:
695 1273 844 1336 ‘quid
879 1291 974 1342 me
994 1275 1093 1322 alta
1129 1273 1320 1322 silentia
1355 1273 1490 1337 cogis

141 1373 367 1419 rumpere
403 1366 452 1405 et
488 1357 763 1404 obductum
799 1355 959 1404 verbis
995 1357 1191 1418 vulgare
1227 1357 1492 1404 dolorem?

140 1440 347 1486 Aenean
385 1436 646 1486 hominum
683 1436 945 1500 quisquam
982 1435 1253 1499 divumque
1288 1436 1481 1499 subegit
1754 1444 1804 1494 65

142 1519 270 1568 bella
305 1519 444 1581 sequi
480 1528 564 1567 aut
601 1520 796 1567 hostem
832 1517 933 1581 regi
969 1535 1022 1566 se
1057 1517 1234 1566 inferre
1270 1517 1487 1567 Latino?

142 1599 336 1648 Italiam
373 1600 512 1663 petiit
547 1599 657 1648 fatis
693 1599 976 1648 auctoribus
1013 1598 1162 1664 (esto)

141 1683 448 1731 Cassandrae
485 1681 725 1744 impulsus
760 1680 926 1730 furiis:
974 1698 1095 1729 num
1131 1680 1352 1744 linquere
1389 1691 1546 1731 castra

139 1763 319 1812 hortati
357 1781 526 1812 sumus
562 1773 647 1811 aut
682 1763 832 1811 vitam
869 1763 1178 1812 committere
1212 1763 1410 1812 ventis?

139 1862 260 1892 num
296 1862 449 1908 puero
486 1862 732 1893 summam
766 1844 897 1904 belli,
937 1862 1057 1892 num
1094 1846 1293 1894 credere
1329 1847 1535 1893 muros?
1754 1859 1804 1904 70

138 1928 543 1990 Tyrrhenamque
579 1928 730 1975 fidem
766 1936 850 1975 aut
884 1925 1042 1990 gentis
1078 1926 1258 1990 agitare
1295 1926 1521 1989 quietas?

138 2006 247 2069 quis
285 2009 407 2056 deus
444 2007 496 2055 in
534 2009 770 2065 fraudem,
813 2024 940 2070 quae
976 2009 1099 2056 dura
1133 2007 1355 2070 potentia
1390 2005 1545 2055 nostri

137 2088 274 2151 egit?
321 2089 407 2137 ubi
443 2090 524 2137 hic
563 2091 692 2137 Iuno
729 2088 1003 2137 demissave
1039 2088 1255 2136 nubibus
1293 2088 1420 2136 Iris?

137 2169 395 2234 indignum
432 2181 506 2220 est
544 2173 695 2219 Italos
732 2170 934 2219 Troiam
970 2169 1274 2218 circumdare
1308 2169 1520 2218 flammis

137 2261 422 2301 nascentem
460 2262 508 2302 et
544 2252 700 2317 patria
737 2255 963 2300 Turnum
1001 2251 1267 2300 consistere
1302 2260 1441 2311 terra,
1753 2270 1801 2313 75

136 2333 215 2381 cui
253 2334 510 2383 Pilumnus
545 2351 679 2393 avus,
720 2334 799 2383 cui
836 2334 950 2383 diva
984 2332 1180 2382 Venilia
1215 2341 1397 2381 mater:

135 2414 256 2476 quid
292 2417 397 2463 face
436 2414 678 2464 Troianos
715 2424 819 2463 atra
853 2414 953 2462 vim
989 2416 1112 2463 ferre
1149 2413 1351 2473 Latinis,

134 2512 247 2544 arva
281 2495 441 2544 aliena
476 2495 592 2559 iugo
628 2512 850 2558 premere
886 2505 1036 2559 atque
1071 2503 1287 2543 avertere
1322 2496 1566 2558 praedas?

135 2576 256 2639 quid
292 2594 487 2625 soceros
525 2579 684 2640 legere
721 2585 769 2624 et
806 2576 1001 2639 gremiis
1041 2577 1288 2624 abducere
1324 2585 1505 2638 pactas,

188 2717 256 2755 51,
296 2718 347 2754 52
381 2705 534 2751 MPR;
580 2706 716 2754 53-78
746 2705 941 2755 MPRV3
988 2719 1039 2756 79
1069 2706 1199 2744 MPR
1476 2717 1525 2755 51
1558 2711 1686 2755 atque
1720 2706 1802 2745 alta

133 2760 324 2808 Cythera
345 2758 560 2809 P²R7¹a¹z
594 2759 706 2797 celsa
729 2759 902 2809 Paphus
931 2765 1058 2808 atque
1078 2761 1163 2799 alta
1189 2760 1378 2809 Cythera
1405 2759 1588 2810 Wagner
1748 2773 1800 2809 53

133 2814 275 2863 exiget
302 2811 442 2851 Vb²c¹⁷r
605 2825 659 2862 59
689 2813 851 2862 patriae
872 2814 1036 2852 cineres
1055 2813 1125 2861 Py
1278 2814 1330 2862 67
1361 2814 1482 2863 petiit
1504 2813 1600 2852 fatis
1621 2812 1798 2864 M²7²bcz

131 2868 238 2916 petit
269 2867 366 2905 fatis
401 2865 597 2904 M¹PRV
608 2880 618 2905 ε
666 2866 762 2905 fatis
800 2867 921 2916 petiit
961 2867 1157 2905 nonnulli
1184 2867 1332 2905 vetusti
1360 2867 1491 2907 P'erii
1749 2880 1796 2916 71

133 2921 251 2971 ·que]
274 2934 345 2959 ·ve
366 2920 408 2958 R
416 2921 471 2959 Vc
623 2933 673 2970 72
703 2923 839 2960 nostri
861 2919 952 2960 M1:
984 2926 1129 2960 nostra
1149 2921 1261 2960 ceteri
1275 2921 1388 2960 Serv.
1524 2935 1576 2972 79
1607 2919 1799 2971 gremiis]

131 2975 299 3023 generis
327 2975 378 3013 Ο.
407 2973 562 3013 Miiller

1609 3050 1687 3090 23*
