2014 3372
211 157 263 206 P.
304 159 605 208 VERGILI
646 159 974 210 MARONIS

211 309 486 349 conventus
524 301 671 350 trahit
707 301 759 349 in
798 301 992 351 medios
1030 303 1329 368 turbamque
1366 312 1641 365 sonantem,

212 390 261 429 et
298 384 547 430 tumulum
585 382 718 445 capit
754 384 890 432 unde
927 384 1089 433 omnis
1126 386 1278 448 longo
1315 385 1490 435 ordine
1526 394 1695 450 posset

211 465 446 512 adversos
482 465 643 527 legere
680 473 729 513 et
764 464 1054 515 venientum
1091 466 1282 516 discere
1317 470 1493 516 vultus.
1815 483 1892 530 755

284 547 359 593 ‘N
365 561 463 593 unc
499 561 602 608 age,
641 545 947 595 Dardaniam
985 549 1175 610 prolem
1212 564 1341 611 quae
1379 548 1563 598 deinde
1600 556 1834 613 sequatur

212 625 378 689 gloria,
418 626 503 689 qui
540 636 774 675 maneant
813 629 938 676 Itala
975 630 1038 677 de
1074 638 1221 692 gente
1257 639 1478 692 nepotes,

212 706 429 756 inlustris
465 707 656 757 animas
693 718 1018 772 nostrumque
1055 709 1106 758 in
1143 727 1328 759 nomen
1366 711 1529 772 ituras,

215 788 476 852 expediam
513 788 671 850 dictis,
710 799 759 838 et
795 799 844 839 te
880 800 965 839 tua
1001 792 1100 840 fata
1137 792 1347 841 docebo.

215 869 309 930 ille,
343 870 495 930 vides,
529 887 652 934 pura
687 871 879 921 iuvenis
917 872 1002 936 qui
1039 872 1208 921 nititur
1244 875 1399 933 hasta,
1816 881 1898 935 760

215 951 438 1015 proxima
478 961 608 1001 sorte
645 962 781 1002 tenet
817 953 940 1003 lucis
977 956 1099 1014 loca,
1140 954 1327 1017 primus
1363 956 1428 1003 ad
1464 970 1607 1004 auras

214 1033 455 1083 aetherias
494 1037 622 1083 Italo
659 1035 957 1085 commixtus
995 1036 1234 1100 sanguine
1272 1045 1448 1100 surget,

216 1115 408 1176 Silvius,
444 1117 699 1165 Albanum
737 1134 936 1177 nomen,
974 1127 1060 1166 tua
1095 1127 1327 1181 postuma
1363 1120 1538 1181 proles,

216 1213 366 1259 quem
403 1197 492 1246 tibi
530 1199 773 1262 longaevo
810 1216 974 1247 serum
1012 1199 1219 1247 Lavinia
1255 1198 1473 1247 coniunx

216 1281 396 1328 educet
433 1279 565 1328 silvis
602 1296 768 1344 regem
805 1298 1077 1345 regumque
1114 1290 1385 1344 parentem,
1817 1287 1895 1341 765

216 1362 351 1409 unde
387 1378 542 1424 genus
582 1364 755 1425 Longa
792 1371 1017 1412 nostrum
1054 1362 1393 1411 dominabitur
1427 1363 1571 1411 Alba.

215 1441 467 1505 proximus
504 1442 585 1491 ille
623 1446 818 1503 Procas,
855 1443 1102 1492 Troianae
1137 1443 1291 1507 gloria
1326 1443 1500 1507 gentis,

217 1533 265 1572 et
303 1525 467 1587 Capys
505 1533 553 1573 et
590 1524 826 1573 Numitor
862 1534 910 1574 et
947 1526 1031 1588 qui
1071 1534 1120 1573 te
1156 1525 1360 1574 nomine
1397 1527 1573 1574 reddet

217 1605 394 1654 Silvius
425 1609 635 1666 Aeneas,
673 1606 853 1670 pariter
888 1606 1073 1669 pietate
1110 1608 1189 1655 vel
1225 1607 1371 1655 armis

218 1687 453 1750 egregius,
494 1687 534 1736 si
571 1705 813 1751 umquam
849 1690 1154 1752 regnandam
1192 1688 1438 1752 acceperit
1475 1689 1671 1738 Albam.
1819 1704 1900 1749 770

217 1768 303 1831 qui
340 1768 572 1818 iuvenes!
622 1779 832 1832 quantas
870 1779 1136 1830 ostentant,
1176 1769 1357 1833 aspice,
1396 1769 1510 1818 viris

216 1859 367 1914 atque
404 1852 632 1899 umbrata
658 1861 842 1914 gerunt
879 1851 1009 1900 civili
1045 1861 1270 1914 tempora
1308 1855 1523 1915 quercu!

218 1931 270 1979 hi
306 1932 397 1980 tibi
435 1935 747 1981 Nomentum
784 1942 833 1982 et
871 1933 1060 1982 Gabios
1098 1934 1374 1996 urbemque
1413 1933 1669 1993 Fidenam,

218 2013 269 2061 hi
308 2014 580 2064 Collatinas
618 2015 880 2078 imponent
916 2015 1172 2064 montibus
1209 2032 1359 2076 arces,

219 2095 472 2145 Pometios
511 2098 843 2161 Castrumque
881 2097 997 2146 Inui
1035 2099 1313 2161 Bolamque
1351 2099 1648 2160 Coramque.
1819 2112 1896 2158 775

219 2178 342 2225 haec
379 2186 484 2225 tum
522 2178 728 2227 nomina
764 2188 920 2238 erunt,
961 2196 1096 2227 nunc
1134 2188 1248 2227 sunt
1285 2179 1392 2228 sine
1427 2178 1633 2228 nomine
1669 2185 1838 2227 terrae.

219 2257 340 2320 quin
378 2267 426 2306 et
461 2275 555 2307 avo
592 2258 829 2308 comitem
865 2276 974 2308 sese
1013 2259 1289 2309 Mavortius
1326 2261 1478 2309 addet

220 2341 481 2400 Romulus,
519 2341 747 2390 Assaraci
784 2359 934 2405 quem
973 2341 1224 2404 sanguinis
1264 2341 1356 2390 Ilia
1392 2350 1548 2390 mater

219 2423 410 2470 educet.
485 2421 648 2482 viden,
689 2432 743 2471 ut
778 2423 1006 2487 geminae
1044 2432 1174 2472 stant
1210 2423 1391 2472 vertice
1428 2422 1604 2472 cristae

219 2512 267 2551 et
303 2512 441 2566 pater
475 2503 582 2566 ipse
619 2521 710 2553 suo
747 2521 982 2567 superum
1018 2504 1117 2553 iam
1155 2504 1313 2568 signat
1349 2505 1576 2553 honore?
1824 2510 1902 2563 780

219 2601 282 2633 en
320 2584 479 2645 huius,
519 2595 646 2646 nate,
687 2586 920 2649 auspiciis
958 2586 1041 2635 illa
1077 2586 1265 2635 incluta
1302 2589 1467 2635 Roma

219 2666 482 2729 imperium
518 2667 669 2727 terris,
710 2668 904 2717 animos
941 2669 1175 2732 aequabit
1214 2670 1445 2731 Olympo,

220 2757 512 2811 septemque
549 2766 649 2797 una
684 2748 779 2797 sibi
816 2767 958 2798 muro
996 2748 1324 2798 circumdabit
1360 2765 1511 2808 arces,

278 2888 466 2927 753-755
487 2877 681 2929 FMPR3
716 2881 906 2929 756-783
936 2879 1068 2918 MPR
1291 2891 1369 2928 754
1400 2878 1534 2928 possit
1563 2877 1626 2927 Fr
1817 2876 1898 2925 762

222 2933 359 2970 aerias
390 2932 643 2972 Lachmann
761 2935 898 2983 surgit
919 2935 972 2972 M
1110 2936 1187 2984 765
1219 2935 1362 2973 educit
1389 2932 1454 2971 Μ1
1597 2930 1676 2980 766
1706 2935 1899 2970 nostrum

225 2985 372 3035 Longa
393 2987 457 3025 Μι
601 3001 678 3037 772
711 2995 840 3038 utque
862 2989 999 3028 conicit
1017 2987 1189 3027 Ribbeck
1214 3033 1217 3036 ,
1302 2990 1381 3037 776
1410 2985 1567 3038 terrae]
1588 2990 1742 3035 gentes
1762 2984 1832 3024 Ml
