2014 3372
230 160 281 206 P.
324 157 622 206 VERGILI
662 156 988 206 MARONIS

228 299 327 347 iam
363 298 556 362 pridem
593 298 778 347 resides
816 299 1030 361 populos
1067 299 1372 361 desuetaque
1407 299 1541 347 bello

226 380 426 444 agmina
461 380 513 428 in
549 397 685 428 arma
719 388 865 428 vocat
901 379 1067 428 subito
1103 382 1385 444 ferrumque
1421 389 1660 429 retractat.

227 460 279 509 hi
316 461 650 510 Fescenninas
687 460 817 510 acies
854 455 1141 525 aequOsque
1179 461 1410 522 Faliscos,
1820 470 1899 525 695

226 542 278 590 hi
315 542 527 591 Soractis
564 543 751 591 habent
786 559 922 591 arces
960 542 1279 606 Flaviniaque
1314 560 1429 592 arva

225 634 274 673 et
312 624 497 674 Cimini
533 641 648 673 cum
685 633 856 673 monte
891 626 1055 673 lacum
1091 626 1330 688 lucosque
1368 627 1612 689 Capenos.

225 705 364 753 ibant
399 705 596 768 aequati
633 722 840 754 numero
877 722 1144 769 regemque
1179 707 1455 756 canebant:

225 803 316 835 ceu
355 788 611 850 quondam
647 786 778 835 nivei
814 786 1003 850 liquida
1038 787 1164 836 inter
1199 787 1371 836 nubila
1406 788 1548 851 cycni

225 886 342 917 cum
380 885 487 917 sese
523 885 551 917 e
586 877 730 931 pastu
766 869 983 916 referunt
1019 877 1067 917 et
1103 871 1250 932 longa
1287 886 1494 918 canoros
1822 888 1901 932 700

223 951 345 998 dant
381 951 631 1018 per-colla
667 950 859 1009 modos,
901 958 1046 998 sonat
1081 950 1241 998 amnis
1278 959 1327 999 et
1363 950 1483 1000 Asia
1518 953 1666 1015 longe

222 1034 366 1094 pulsa
401 1033 555 1094 palus.

222 1130 316 1162 nec
354 1113 616 1177 quisquam
654 1122 841 1162 aeratas
878 1113 1009 1162 acies
1047 1131 1106 1162 ex
1141 1114 1338 1178 agmine
1374 1123 1514 1164 tanto

222 1194 416 1243 misceri
452 1203 604 1257 putet,
644 1194 827 1242 a'eriam
863 1196 952 1243 sed
989 1194 1177 1257 gurgite
1213 1195 1278 1243 ab
1313 1197 1415 1244 alto

221 1276 379 1339 urgeri
415 1278 672 1325 volucrum
709 1292 968 1324 raucarum
1003 1278 1069 1325 ad
1105 1276 1246 1324 litora
1283 1278 1483 1326 nubem.
1822 1298 1897 1342 705

291 1361 424 1407 Ecce
461 1358 759 1407 Sabinorum
796 1357 959 1421 prisco
996 1359 1060 1407 de
1097 1358 1336 1421 sanguine
1372 1376 1608 1426 magnum

221 1457 399 1503 agmen
435 1456 585 1502 agens
624 1440 837 1489 Clausus
875 1439 1141 1502 magnique
1178 1439 1284 1502 ipse
1320 1440 1529 1503 agminis
1566 1441 1731 1502 instar,

222 1522 433 1572 Claudia
468 1537 603 1570 nunc
638 1538 668 1569 a
704 1537 805 1583 quo
843 1520 1135 1570 diffunditur
1171 1530 1219 1570 et
1255 1521 1410 1570 tribus
1449 1532 1497 1571 et
1532 1539 1652 1586 gens

220 1621 306 1667 per
343 1603 553 1663 Latium,
594 1611 861 1666 postquam
897 1602 949 1650 in
985 1612 1175 1666 partem
1211 1605 1327 1652 data
1365 1605 1531 1652 Roma
1566 1604 1775 1656 Sabinis.

219 1703 319 1734 una
355 1686 528 1748 ingens
566 1683 825 1733 Amiterna
860 1686 1039 1733 cohors
1076 1684 1323 1748 priscique
1361 1685 1592 1747 Quirites,
1819 1701 1900 1749 710

221 1767 356 1815 Ereti
393 1784 568 1815 manus
606 1765 768 1815 omnis
805 1765 1154 1829 oliviferaeque
1193 1769 1489 1829 Mutuscae,-

220 1849 305 1912 qui
343 1852 654 1898 Nomentum
691 1849 879 1908 urbem,
922 1848 1007 1911 qui
1045 1851 1212 1898 Rosea
1247 1867 1358 1898 rura
1394 1850 1574 1910 Velini,

219 1932 305 1994 qui
341 1932 568 1981 Tetricae
605 1933 849 1983 horrentis
886 1950 1033 1997 rupes
1072 1943 1397 1998 montemque
1432 1937 1668 1984 Severum

220 2014 608 2078 Casperiamque
645 2017 816 2064 colunt
855 2017 1163 2078 Forulosque
1201 2024 1249 2063 et
1285 2018 1472 2065 flumen
1512 2014 1778 2077 Himellae,

202 2094 305 2158 ,qui
341 2093 563 2144 Tiberim
602 2096 933 2159 Fabarimque
970 2095 1162 2156 bibunt,
1204 2113 1328 2160 quos
1366 2097 1541 2161 frigida
1577 2097 1708 2147 misit
1817 2116 1893 2160 715

220 2177 413 2237 Nursia,
454 2186 502 2226 et
539 2178 743 2227 Ortinae
780 2180 961 2227 classes
998 2178 1271 2242 populique
1309 2179 1486 2239 Latini,

219 2276 445 2322 quosque
481 2276 654 2308 secans
691 2260 961 2309 infaustum
999 2260 1216 2310 interluit
1253 2261 1383 2310 Allia
1419 2257 1634 2312 nbmen:

218 2358 369 2404 quam
406 2341 548 2389 multi
586 2335 775 2404 Libyco
811 2343 1076 2390 volvuntur
1112 2360 1356 2391 marmore
1393 2345 1572 2392 fluctus

218 2441 391 2473 saevus
428 2424 514 2472 ubi
554 2424 709 2474 Orion
746 2424 966 2473 hibernis
1003 2425 1233 2474 conditur
1268 2416 1429 2485 undis,

217 2507 294 2553 vel
331 2522 445 2554 cum
482 2507 586 2554 sole
624 2523 755 2555 novo
792 2507 978 2555 densae
1016 2515 1260 2555 torrentur
1295 2506 1472 2556 aristae
1815 2525 1896 2569 720

217 2595 301 2635 aut
339 2587 516 2636 Hermi
555 2604 733 2651 campo
770 2597 855 2637 aut
893 2587 1074 2650 Lyciae
1112 2588 1406 2637 flaventibus
1443 2588 1583 2637 arvis.

270 2720 457 2768 693—721
483 2717 615 2756 MPR
792 2720 872 2768 695
902 2718 1015 2756 acies
1037 2718 1182 2757 multis
1203 2721 1442 2769 corruptum
1461 2718 1624 2758 videtur
1702 2718 1894 2769 Aequos-

216 2785 299 2822 que
331 2773 530 2811 Heinsius
662 2778 758 2824 post
790 2774 870 2823 697
891 2786 955 2812 vv.
990 2784 1178 2822 703—705
1215 2773 1451 2823 transponit
1479 2772 1650 2812 Ribbeck
1811 2774 1895 2823 699

217 2825 380 2877 nubila]
404 2828 577 2866 flumina
597 2826 681 2878 1³71
814 2839 893 2876 703
925 2827 1125 2865 examine
1146 2826 1481 2878 Hamburgensis
1496 2827 1601 2866 alter
1615 2832 1653 2866 et
1668 2827 1888 2876 Leidmls,

209 2882 359 2932 probat
377 2881 524 2933 Mamy
692 2883 771 2931 708
802 2895 826 2920 e
847 2895 932 2931 quo
953 2880 1020 2918 Ml
1136 2894 1214 2930 712
1247 2881 1390 2920 Rosea
1410 2881 1482 2920 Rrr
1501 2881 1616 2921 Serv.
1637 2895 1647 2920 ι
1678 2881 1797 2920 Rosa
1818 2880 1892 2920 M:

216 2936 377 3027 {oscia
397 2936 510 2987 P27:
548 2936 716 2976 roscida
735 2936 812 2975 b²c²
981 2947 1059 2985 713
1090 2935 1297 2988 montem]
1319 2948 1486 2975 amnem
1500 2935 1586 2986 Ργι
1697 2948 1893 2976 severum

266 3004 362 3039 enry
