2014 3372
1285 152 1647 201 AENEIDOS
1682 151 1819 199 VIII

150 293 309 343 auditi
344 295 558 343 referunt
593 291 816 355 gemitus,
858 292 1186 356 striduntque·
1205 291 1425 341 cavernis
1709 306 1712 308 ·
1738 312 1820 351 420

153 374 406 422 stricturae
443 374 723 436 Chalybum
760 381 809 422 et
844 373 1126 422 fornacibus
1163 372 1287 435 ignis
1324 374 1537 432 anhelat,

152 454 364 503 'Volcani
400 456 581 504 domus
617 463 666 503 et
701 454 944 502 Volcania
980 454 1183 503 nomine
1219 455 1376 503 tellus.
1438 486 1440 488 v

151 536 249 584 hoc
285 544 404 584 tunc
440 535 721 598 ignipotens
758 537 897 584 caelo
934 535 1194 584 descendit
1228 536 1294 584 ab
1328 538 1443 584 alto.

220 618 422 664 Ferrum
459 616 753 665 exercebant
788 625 928 665 vasto
966 618 1210 679 Cyclopes
1248 616 1299 664 in
1335 626 1492 676 antro,

152 699 462 760 Brontesque
500 699 831 760 Steropesque
868 707 916 746 et
952 699 1117 746 nudus
1153 698 1379 746 membra-
1415 700 1704 760 Pyracmon.
1735 718 1812 758 425

149 777 226 826 his
262 777 581 827 informatum
618 778 847 827 manibus
884 778 982 826 iam
1018 788 1156 842 parte
1191 779 1346 842 polita

149 846 337 907 fulmen
375 869 489 919 erat,
529 869 634 908 toto
670 858 862 923 genitor
897 877 1026 922 quae
1061 859 1272 922 plurima
1307 861 1446 909 caelo

147 938 299 988 deicit
334 940 384 988 in
422 950 584 1000 terras,
625 957 735 1003 pars
772 940 1059 1004 imperfecta
1095 941 1340 990 manebat.

148 1019 232 1068 tris
269 1020 437 1069 imbris
475 1021 588 1070 torti
625 1021 802 1081 radios,
844 1021 927 1070 tris
963 1021 1109 1070 nubis
1145 1038 1364 1085 aquosae

147 1101 455 1161 addiderant,
496 1102 644 1150 rutuli
680 1102 764 1151 tris
800 1103 925 1166 ignis
962 1112 1011 1151 et
1046 1102 1173 1151 alitis
1210 1103 1390 1152 Austri.
1736 1122 1819 1163 430

148 1185 360 1246 fulgores
396 1201 530 1232 nunc
566 1184 803 1233 terrificos
841 1184 1158 1247 sonitumque
1195 1194 1484 1248 metumque

148 1263 423 1312 miscebant
459 1264 596 1327 operi
631 1265 944 1328 flammisque
980 1265 1275 1328 sequacibus
1311 1266 1417 1314 iras.

147 1353 284 1407 parte
319 1344 414 1392 alia
453 1345 602 1393 Marti
640 1362 936 1409 currumque
973 1356 1203 1409 rotasque
1239 1347 1450 1396 volucris

146 1424 413 1486 instabant,
449 1426 630 1488 quibus
667 1426 748 1475 ille
784 1427 926 1485 viros,
967 1427 1149 1489 quibus
1186 1427 1364 1476 excitat
1401 1429 1547 1477 urbes
1565 1445 1580 1489 ;

145 1506 421 1570 aegidaque
457 1507 757 1567 horriferam,
797 1508 1021 1557 turbatae
1058 1508 1272 1557 Palladis
1308 1525 1456 1569 arma,
1731 1531 1812 1571 435

145 1587 368 1636 certatim
407 1589 624 1651 squamis
664 1598 947 1651 serpentum
986 1607 1206 1652 auroque
1243 1589 1469 1652 polibant

145 1685 462 1732 conexosque
499 1669 672 1733 anguis
710 1670 968 1733 ipsamque
1004 1670 1055 1718 in
1091 1680 1291 1734 pectore
1327 1670 1471 1720 divae

146 1751 381 1812 Gorgona
416 1753 618 1800 desecto
654 1761 927 1800 vertentem
963 1751 1152 1800 lumina
1187 1754 1329 1801 collo.

147 1831 331 1880 ‘tollite
368 1834 572 1880 cuncta'
610 1831 770 1896 inquit
810 1837 1142 1896 ‘coeptosque
1177 1836 1363 1882 auferte
1400 1834 1605 1895 labores,

143 1911 353 1960 Aetnaei
391 1914 649 1975 Cyclopes,
690 1922 739 1962 et
775 1915 873 1961 huc
909 1913 1150 1962 advertite
1186 1924 1434 1964 mentem:
1732 1937 1813 1976 440

142 2009 279 2041 arma
313 1993 412 2042 acri
448 1994 677 2042 facienda
713 1994 830 2043 viro.
903 2010 1038 2042 nunc
1073 1994 1256 2043 viribus
1292 2011 1432 2055 usus,

144 2090 277 2122 nunc
314 2074 543 2122 manibus
581 2074 777 2137 rapidis,
819 2074 958 2123 omni
994 2091 1128 2123 nunc
1163 2085 1265 2124 arte
1301 2076 1541 2139 magistra.

142 2154 460 2217 praecipitate
497 2157 689 2204 moras.’
763 2172 856 2205 nec
891 2157 1032 2218 plura
1067 2158 1254 2216 effatus,
1293 2166 1342 2205 at
1378 2156 1446 2204 illi

142 2234 280 2283 ocius
317 2234 587 2285 incubuere
625 2253 800 2286 omnes
838 2236 1115 2300 pariterque
1151 2238 1371 2286 laborem

142 2315 310 2364 sortiti.
383 2316 490 2365 fluit
525 2334 607 2366 aes
645 2317 757 2366 rivis
794 2316 998 2380 aurique
1034 2319 1287 2366 metallum
1729 2340 1808 2379 445

141 2396 502 2460 vulnificusque
538 2399 741 2461 chalybs
780 2408 919 2447 vasta
954 2400 1154 2447 fornace
1190 2397 1428 2461 liquescit.

140 2476 392 2540 ingentem
429 2478 645 2541 clipeum
683 2479 964 2539 informant,
1006 2497 1161 2527 unum
1198 2479 1366 2527 omnia
1402 2487 1574 2528 contra

140 2561 238 2608 tela
273 2559 575 2619 Latinorum,
617 2571 948 2624 septenosque
986 2561 1189 2610 orbibus
1225 2561 1356 2611 orbis

140 2638 429 2702 impediunt.
504 2642 586 2689 alii
621 2643 837 2691 ventosis
875 2643 1074 2692 follibus
1110 2660 1250 2691 auras

138 2719 388 2782 accipiunt
424 2723 751 2785 redduntque,
792 2723 874 2771 alii
912 2724 1166 2773 stridentia
1202 2724 1395 2785 tingunt
1724 2742 1804 2783 450

137 2816 251 2848 aera
285 2802 408 2849 lacu.
482 2801 633 2863 gemit
669 2802 911 2865 impositis
948 2803 1213 2852 incudibus
1249 2811 1457 2850 antrum.

193 2941 379 2979 420-451
412 2922 544 2969 MPR
792 2945 874 2980 420
904 2932 1106 2982 gemitum
1135 2931 1268 2971 Rbc¹⁷r
1456 2946 1536 2982 423
1566 2932 1647 2971 huc
1676 2931 1804 2982 Ργῑπ2

137 2981 326 3030 Bentley:
359 2985 439 3023 hoc
460 2989 662 3023 testantur
678 2984 917 3025 Priscianus
936 2985 1050 3027 Serv.
1205 3000 1285 3037 443
1306 2987 1371 3040 at]
1394 2994 1436 3026 et
1456 2987 1512 3025 Pl
