2014 3372
216 164 269 211 P.
309 162 608 210 VERGILI
648 160 974 209 MARONIS

215 304 480 363 fundimur,
522 312 570 352 et
606 305 705 352 telo
742 305 912 351 lumen
948 303 1251 351 terebramus
1287 300 1435 352 acuto
1507 298 1511 302 ’
1701 299 1729 323 ”
1811 311 1891 363 635

216 385 389 449 ingens
427 387 564 448 quod
601 394 738 432 torva
774 386 936 432 solum
973 385 1066 433 sub
1102 386 1263 433 fronte
1299 385 1495 444 latebat,

216 466 433 528 Argolici
470 465 615 529 clipei
650 474 735 513 aut
773 466 1038 514 Phoebeae
1073 465 1317 529 lampadis
1354 465 1550 526 instar,-

215 556 264 595 et
301 548 504 595 tandem
542 546 656 595 laeti
694 546 942 594 sociorum
978 546 1262 594 ulciscimur
1297 547 1511 596 umbras.

215 630 304 677 sed
342 628 506 691 fugite,
548 645 578 676 o
615 627 792 687 miseri,
833 627 985 690 fugite
1021 637 1171 690 atque
1207 628 1270 676 ab
1307 627 1449 676 litore
1484 630 1662 677 funem

213 709 441 774 rumpite.
1815 705 1896 770 646

215 809 333 840 nam
371 791 528 854 qualis
565 799 881 854 quantusque
915 807 1038 839 cavo
1076 791 1411 853 Polyphemus
1448 790 1499 838 in
1535 788 1677 840 antro

215 872 455 935 lanigeras
494 871 679 920 claudit
715 873 935 935 pecudes
972 880 1122 934 atque
1158 872 1312 920 ubera
1347 881 1547 934 pressat,

214 963 418 1002 centum
454 952 536 1001 alii
573 969 721 1001 curva
757 954 881 1001 haec
917 952 1143 1001 habitant
1178 954 1243 1001 ad
1279 952 1420 1001 litora
1456 954 1603 1016 vulgo

215 1035 407 1083 infandi
445 1036 689 1097 Cyclopes
727 1043 776 1082 et
811 1034 921 1082 altis
958 1034 1213 1083 montibus
1250 1043 1423 1083 errant.

213 1117 357 1166 tertia
392 1116 491 1164 iam
529 1118 702 1164 Lunae
739 1132 792 1164 se
828 1132 1014 1164 cornua
1050 1115 1237 1164 lumine
1274 1117 1527 1179 complent
1817 1124 1895 1177 645

217 1216 332 1247 cum
369 1197 521 1246 vitam
558 1197 609 1245 in
646 1196 777 1244 silvis
814 1196 942 1245 inter
977 1198 1172 1245 deserta
1209 1198 1421 1244 ferarum

216 1283 366 1329 lustra
403 1281 684 1342 domosque
721 1280 875 1338 traho,
916 1287 1183 1341 vastosque
1219 1279 1282 1326 ab
1319 1293 1441 1341 rupe
1478 1279 1723 1342 Cyclopas

216 1361 463 1426 prospicio
501 1356 821 1424 sonitumque
857 1362 1044 1424 pedum
1082 1377 1360 1423 vocemque
1396 1369 1652 1409 tremesco.

216 1443 402 1493 victum
438 1443 700 1502 infelicem,
740 1444 890 1491 bacas
928 1442 1253 1505 lapidosaque
1291 1459 1452 1501 corna,

215 1527 340 1574 dant
375 1525 509 1584 rami,
551 1534 600 1573 et
635 1523 785 1572 vulsis
823 1533 1034 1587 pascunt
1069 1523 1318 1572 radicibus
1355 1523 1551 1572 herbae.
1813 1530 1897 1582 650

217 1607 386 1656 omnia
422 1608 731 1655 conlustrans
769 1607 898 1654 hanc
934 1605 1149 1669 primum
1185 1606 1250 1654 ad
1286 1604 1427 1653 litora
1463 1607 1671 1653 classem

216 1688 453 1752 conspexi
488 1687 784 1736 venientem.
859 1687 976 1735 huic
1012 1704 1105 1747 me,
1147 1703 1493 1750 quaecumque
1528 1685 1711 1745 fuisset,

216 1769 417 1819 addixi:
458 1769 572 1817 satis
611 1778 685 1817 est
721 1777 921 1832 gentem
958 1767 1186 1831 effugisse
1224 1769 1506 1816 nefandam.

218 1868 305 1899 vos
341 1850 560 1899 animam
596 1852 726 1898 hanc
762 1849 927 1913 potius
965 1866 1284 1913 quocumque
1320 1848 1567 1897 absumite
1603 1849 1734 1897 leto.'

286 1932 383 1979 Vix
419 1949 477 1980 ea
512 1933 640 1979 fatus
678 1940 779 1980 erat
816 1947 1013 1979 summo
1050 1948 1165 1979 cum
1202 1939 1373 1979 monte
1409 1929 1634 1978 videmus
1814 1938 1895 1989 655

217 2014 381 2077 ipsum
418 2013 545 2061 inter
580 2014 800 2075 pecudes
835 2021 972 2060 vasta
1009 2028 1061 2060 se
1097 2014 1229 2060 mole
1266 2020 1551 2060 moventem
1788 2007 1790 2010 ’

218 2105 468 2159 pastorem
506 2095 871 2157 Polyphemum
909 2101 957 2142 et
993 2093 1135 2142 litora
1171 2102 1290 2141 nota
1328 2102 1594 2156 petentem,
1667 2100 1673 2103 “

219 2185 496 2225 monstrum
515 2176 832 2234 horrendum,
853 2174 1075 2234 informe,
1096 2174 1282 2238 ingens,
1303 2174 1382 2223 cui
1403 2177 1571 2223 lumen
1587 2175 1892 2237 ademptum.

218 2267 392 2306 trunca
429 2273 632 2305 manum
668 2255 814 2319 pinus
851 2255 973 2319 regit
1009 2264 1057 2304 et
1093 2255 1295 2319 vestigia
1332 2257 1493 2303 firmat
1508 2274 1522 2316 3
1788 2250 1792 2252 ’

219 2340 463 2403 lanigerae
500 2338 799 2387 comitantur
835 2354 952 2386 oves
973 2330 1081 2398 3⁸ea
1118 2339 1223 2385 sola
1258 2339 1485 2399 voluptas
1593 2333 1599 2337 ’
1699 2332 1701 2334 ’
1815 2342 1897 2383 660

219 2423 542 2484 solamenque
577 2419 706 2467 mali.
1762 2412 1765 2416 ’

218 2511 484 2565 postquam
520 2503 645 2549 altos
683 2499 840 2563 tetigit
877 2502 1055 2549 fluctus
1092 2509 1141 2549 et
1176 2501 1241 2549 ad
1277 2516 1494 2563 aequora
1529 2498 1675 2558 venit,

218 2582 417 2631 luminis
455 2581 619 2630 effossi
655 2581 866 2630 fluidum
902 2581 1019 2630 lavit
1055 2581 1172 2630 inde
1209 2598 1433 2630 cruorem

218 2663 453 2712 dentibus
492 2664 776 2711 infrendens
814 2662 1013 2725 gemitu,
1042 2661 1358 2725 graditurque
1394 2679 1482 2725 per
1517 2677 1704 2724 aequor

274 2795 467 2843 635-659
497 2791 612 2840 MP;
643 2793 830 2841 660-664
852 2791 978 2829 FMP
1187 2793 1264 2841 635
1297 2791 1742 2830 tenebramusmultos
1761 2789 1898 2840 legisse

219 2851 392 2886 testatur
408 2847 523 2886 Serv.
712 2848 793 2896 652
814 2846 1015 2897 prospexi
1037 2844 1133 2896 ΜὙ2
1295 2847 1378 2895 655·
1406 2859 1501 2884 cum
1530 2846 1574 2883 in
1597 2852 1740 2884 monte
1760 2843 1895 2894 P²7¹a

216 2904 299 2951 659
330 2915 502 2941 manum
525 2900 708 2939 M²a2b2⁷r
735 2900 1032 2951 Quintilianus,
1062 2900 1209 2951 probat
1234 2899 1403 2949 Hemy:
1435 2912 1561 2938 manu
1586 2898 1699 2938 Serv.
1731 2897 1897 2937 editores

208 2957 296 3006 fere
323 2970 465 2994 onmes
770 2956 848 2993 661
882 2955 935 2993 de
968 2955 1074 2993 collo
1104 2955 1244 2994 fistula
1265 2955 1424 3005 pendet
1453 2954 1610 3004 explent
1636 2951 1895 3005 F²P7ab²crr²

215 3011 363 3061 probat
391 3011 536 3060 Hemjy
721 3010 800 3057 663
826 3009 961 3047 effuso
984 3008 1052 3045 Μι
1072 3023 1081 3047 :
1112 3009 1234 3047 effusi
1258 3007 1325 3045 Μ2
1346 3008 1412 3060 (cf.
1436 3009 1491 3048 xi.
1517 3007 1618 3059 671)
1813 3007 1895 3055 664

220 3066 423 3114 gemitum
444 3064 550 3115 P271
