2014 3372
226 146 278 194 P.
323 145 620 194 VERGILI
661 133 986 193 MARoNIS

225 286 403 336 erranti
438 285 724 350 passimque
761 286 933 333 oculos
969 300 1058 348 per
1092 292 1272 332 cuncta
1308 282 1495 332 ferenti.

227 367 310 417 illa
346 367 440 416 sibi
476 367 682 415 infestos
719 383 887 414 eversa
923 366 990 414 ob
1029 367 1269 428 Pergama
1304 366 1525 413 Teucros

229 458 276 497 et
312 465 500 511 poenas
539 450 771 496 Danaum
808 457 856 496 et
893 446 1073 496 deserti
1109 446 1332 510 coniugis
1368 446 1461 494 iras

223 538 583 593 praemetuens,
623 529 804 578 Troiae
842 538 890 578 et
926 528 1112 592 patriae
1149 527 1430 577 communis
1469 525 1658 589 Erinys,

222 610 482 660 abdiderat
519 627 627 659 sese
662 620 813 674 atque
849 610 942 659 aris
979 609 1136 658 invisa
1172 610 1394 659 sedebat.

223 710 443 742 exarsere
480 693 618 757 ignes
654 693 824 742 animo
841 713 854 755 3
904 692 1036 742 subit
1072 692 1142 740 ira
1178 693 1442 741 cadentem

222 774 393 823 ulcisci
429 775 638 838 patriam
675 785 724 824 et
760 778 1020 824 sceleratas
1059 791 1253 823 sumere
1288 789 1490 837 poenas.

227 855 440 904 ‘scilicet
477 858 601 905 haec
639 858 864 919 Spartam
902 855 1166 905 incolumis
1204 855 1483 919 patriasque
1522 855 1763 916 Mycenas

221 936 439 999 aspiciet,
479 947 721 1001 partoque
757 937 847 986 ibit
884 937 1051 1001 regina
1088 936 1354 999 triumpho,

222 1018 609 1082 coniugiumque
645 1021 955 1082 domumque
992 1017 1141 1082 patris
1178 1026 1422 1080 natosque
1457 1015 1646 1065 videbit

224 1099 440 1149 Iliadum
479 1101 623 1149 turba
659 1110 707 1149 et
744 1100 966 1163 Phrygiis
1004 1100 1239 1149 comitata
1275 1098 1546 1147 ministris?

222 1182 458 1231 occiderit
495 1184 622 1230 ferro
661 1181 922 1230 Priamus?
992 1181 1142 1230 Troia
1179 1181 1348 1229 arserit
1383 1179 1521 1243 igni?

223 1262 534 1312 Dardanium
571 1262 754 1311 totiens
791 1261 978 1311 sudarit
1016 1262 1253 1326 sanguine
1290 1261 1446 1310 litus?

220 1361 324 1393 non
361 1344 440 1392 ita.
515 1361 732 1407 namque
769 1343 860 1392 etsi
896 1346 1089 1392 nullum
1127 1343 1450 1392 memorabile
1487 1358 1673 1391 nomen

221 1426 436 1474 feminea
471 1425 522 1473 in
559 1442 723 1489 poena
759 1435 832 1474 est
870 1442 963 1474 nec
1000 1426 1150 1474 habet
1187 1424 1391 1473 victoria
1426 1425 1640 1482 laudem,

221 1506 509 1555 exstinxisse
545 1509 683 1555 nefas
720 1516 887 1554 tamen
925 1515 973 1555 et
1010 1506 1279 1569 sumpsisse
1315 1505 1548 1554 merentis

221 1589 463 1637 laudabor
498 1605 699 1651 poenas,
739 1588 1064 1651 animumque
1101 1589 1322 1651 explesse
1359 1586 1546 1635 iuvabit

220 1669 405 1718 ultricis
443 1672 674 1718 flammae
710 1679 759 1718 et
795 1669 984 1718 cineres
1022 1669 1222 1718 satiasse
1259 1669 1515 1718 meorum.'

220 1751 336 1799 talia
372 1751 619 1800 iactabam
657 1761 706 1800 et
742 1751 918 1800 furiata
954 1761 1122 1800 mente
1158 1751 1362 1810 ferebar,

221 1850 336 1881 cum
374 1833 497 1881 mihi
534 1851 598 1892 se,
640 1850 742 1882 non
779 1842 895 1882 ante
932 1832 1088 1882 oculis
1125 1842 1227 1881 tam
1264 1835 1406 1891 clara,
1446 1830 1717 1880 videndam

220 1914 400 1963 obtulit
437 1923 485 1963 et
520 1931 644 1977 pura
678 1931 766 1977 per
801 1923 1002 1963 noctem
1039 1913 1090 1961 in
1126 1916 1238 1962 luce
1274 1912 1460 1962 refulsit

218 1997 349 2043 alma
385 2012 576 2058 parens,
617 1997 845 2044 confessa
881 1996 1027 2043 deam
1065 1994 1323 2058 qualisque
1358 1992 1513 2043 videri

220 2076 467 2125 caelicolis
503 2086 553 2125 et
589 2085 775 2139 quanta
811 2078 949 2135 solet,
990 2077 1260 2138 dextraque
1296 2077 1597 2138 prehensum

219 2157 465 2206 continuit
502 2174 746 2220 roseoque
782 2158 907 2205 haec
943 2156 1144 2220 insuper
1178 2156 1372 2206 addidit
1408 2173 1527 2204 ore:

223 2244 376 2298 ‘nate,
417 2239 528 2302 quis
565 2238 834 2288 indomitas
870 2247 1035 2287 tantus
1072 2240 1216 2287 dolor
1251 2238 1429 2286 excitat
1464 2237 1601 2285 iras?

219 2320 339 2383 quid
376 2320 494 2369 furis
530 2329 616 2368 aut
651 2337 872 2383 quonam
909 2319 1063 2368 nostri
1099 2319 1190 2369 tibi
1225 2336 1342 2368 cura
1377 2317 1616 2368 recessit?

218 2418 321 2449 non
357 2401 491 2464 prius
528 2400 737 2464 aspicies
773 2400 861 2450 ubi
897 2402 1083 2449 fessum
1118 2410 1279 2449 aetate
1315 2409 1571 2463 parentem

217 2482 417 2544 liqueris
453 2482 723 2542 Anchisen,
758 2491 956 2546 superet
991 2482 1273 2530 coniunxne
1310 2483 1497 2531 Creusa

216 2563 564 2626 Ascaniusque
599 2565 758 2625 puer?
829 2579 955 2626 quos
992 2562 1154 2611 omnis
1191 2561 1412 2625 undique
1450 2560 1627 2610 Graiae

217 2644 403 2693 circum
440 2652 601 2692 errant
636 2643 768 2692 acies
805 2652 866 2702 et,
907 2643 959 2691 ni
996 2661 1107 2692 mea
1142 2660 1259 2691 cura
1294 2643 1497 2702 resistat,

218 2725 315 2773 iam
352 2727 583 2774 fiammae
619 2723 819 2773 tulerint
855 2723 1084 2772 inimicus
1122 2732 1171 2772 et
1207 2723 1422 2772 hauserit
1458 2722 1602 2772 ensis.

1819 705 1899 750 575

1820 1105 1900 1156 580

1817 1923 1900 1972 590

1811 2337 1889 2379 595

1809 2730 1891 2771 600

272 2857 464 2905 589—600
509 2854 600 2893 MP
887 2855 968 2904 576
1006 2853 1237 2893 sceleratae
1273 2853 1479 2893 Valesius:
1514 2853 1720 2892 celeratas
1742 2851 1896 2891 Linker

217 2922 298 2960 579
320 2911 453 2960 patris
475 2908 757 2961 Menagianus
783 2909 907 2948 alter:
939 2914 1084 2959 patres
1115 2908 1280 2947 editores
1302 2909 1481 2960 plerique
1698 2909 1778 2957 584
1810 2920 1889 2954 nec

219 2968 347 3005 habet
381 2967 548 3006 editores
582 2966 796 3018 plerique:
840 2966 967 3005 habet
1006 2965 1111 3004 haec
1148 2963 1259 3003 codd.
1300 2963 1416 3003 Serv.
1456 2960 1647 3001 Deuticke

221 3023 412 3060 flammae
433 3021 598 3060 editores
613 3020 795 3071 plerique
813 3034 821 3057 :
853 3020 989 3058 famae
1011 3019 1073 3057 vel
1092 3019 1245 3057 famam
1268 3017 1380 3057 codd.

1810 2961 1888 3022 587
