2014 3372
1302 160 1663 209 AENEIDOS
1701 159 1807 207 VII

139 301 386 366 perpetuis
423 301 553 353 soliti
590 311 752 367 patres
789 302 1048 352 considere
1084 301 1280 350 mensis.

139 383 260 445 quin
297 383 446 432 etiam
481 393 702 432 veterum
739 382 921 446 effigies
958 400 1017 431 ex
1053 382 1227 431 ordine
1262 398 1467 430 avorum

139 463 343 526 antiqua
379 481 406 513 e
442 466 606 524 cedro,
647 466 902 526 Italusque
938 472 1175 527 paterque
1212 462 1425 511 Sabinus

138 544 357 594 vitisator
392 563 590 594 curvam
628 563 824 595 servans
862 546 955 594 sub
990 544 1203 607 imagine
1238 546 1429 603 falcem,

140 629 478 690 Saturnusque
515 644 665 676 senex
702 627 911 689 Ianique
946 626 1172 675 bifrontis
1209 625 1372 689 imago
1733 634 1810 673 180

138 708 382 757 vestibulo
418 709 657 768 astabant,
697 708 878 771 aliique
914 708 978 756 ab
1014 706 1200 770 origine
1236 723 1387 769 reges,

141 789 419 852 Martiaque
455 790 523 837 ob
558 788 765 851 patriam
802 790 1072 852 pugnando
1108 789 1310 836 vulnera
1345 785 1489 850 passi.

139 872 393 933 multaque
429 880 680 934 praeterea
716 870 863 919 sacris
900 869 950 918 in
986 869 1211 933 postibus
1247 885 1396 926 arma,

139 952 319 1014 captivi
354 954 575 1015 pendent
612 969 779 1000 currus
816 968 1093 1014 curvaeque
1129 967 1324 999 secures

139 1042 186 1082 et
222 1033 396 1082 cristae
432 1034 650 1096 capitum
688 1043 736 1082 et
772 1043 1022 1097 portarum
1059 1031 1278 1095 ingentia
1313 1032 1523 1079 claustra
1729 1039 1806 1089 185

139 1114 426 1178 spiculaque
463 1115 708 1178 clipeique
745 1124 1011 1178 ereptaque
1046 1123 1203 1162 rostra
1238 1112 1427 1161 carinis.

139 1195 245 1258 ipse
282 1196 526 1257 Quirinali
563 1196 685 1245 lituo
721 1212 970 1259 parvaque
1006 1196 1213 1244 sedebat

140 1277 419 1326 succinctus
457 1278 625 1326 trabea
661 1280 899 1340 laevaque
934 1276 1094 1325 ancile
1131 1277 1330 1339 gerebat

139 1359 299 1419 Picus,
339 1376 523 1422 equum
561 1359 789 1418 domitor,
829 1375 979 1421 quem
1016 1367 1160 1421 capta
1197 1356 1433 1420 cupidine
1469 1354 1687 1405 coniunx

137 1457 284 1489 aurea
320 1457 605 1503 percussum
644 1440 775 1503 virga
810 1432 1344 1502 versumque-venenis
1598 1468 1608 1476 -
1731 1457 1809 1498 190

138 1521 257 1569 fecit
288 1539 430 1570 avem
468 1521 611 1571 Circe
647 1520 922 1584 sparsitque
959 1519 1207 1568 coloribus
1244 1521 1356 1567 alas.

205 1602 315 1650 Tali
350 1602 481 1650 intus
519 1604 705 1665 templo
742 1601 912 1650 divum
937 1600 1192 1663 patriaque
1230 1598 1435 1647 Latinus

138 1683 256 1730 sede
278 1684 470 1731 'sedens
507 1685 727 1730 Teucros
763 1683 828 1730 ad
865 1698 972 1729 sese
1008 1680 1059 1728 in
1096 1688 1226 1728 tecta
1260 1678 1467 1738 vocavit,

138 1772 286 1825 atque
322 1764 445 1811 haec
480 1762 708 1825 ingressis
744 1761 942 1824 placido
978 1761 1110 1824 prior
1146 1760 1304 1809 edidit
1340 1776 1456 1808 ore:

142 1844 330 1903 ‘dicite‚
372 1843 690 1893 Dardanidae
728 1843 911 1908 (neque
948 1842 1080 1891 enim
1118 1841 1366 1890 nescimus
1404 1850 1452 1888 et
1488 1840 1661 1888 urbem
1727 1858 1802 1900 195

138 1933 186 1972 et
220 1941 389 1986 genus,
428 1923 683 1987 auditique
719 1923 969 1972 advertitis
1005 1939 1220 1985 aequore
1257 1920 1492 1984 cursum),

138 2005 259 2068 quid
295 2005 496 2068 petitis?
540 2022 666 2068 quae
704 2022 852 2053 causa
887 2013 1013 2052 rates
1050 2012 1134 2051 aut
1171 2002 1310 2051 cuius
1348 2001 1535 2064 egentis

137 2086 250 2134 litus
287 2088 351 2134 ad
388 2086 668 2134 Ausonium
705 2094 778 2133 tot
814 2101 900 2147 per
934 2085 1063 2132 vada
1098 2083 1292 2131 caerula
1326 2080 1491 2130 vexit?

138 2167 238 2215 sive
275 2184 434 2216 errore
471 2167 578 2215 viae
616 2183 702 2215 seu
741 2164 1116 2228 tempestatibus
1152 2162 1263 2222 acti,

140 2247 303 2311 qualia
339 2250 494 2296 multa
531 2246 651 2295 mari
690 2256 869 2295 nautae
904 2244 1156 2308 patiuntur
1191 2243 1242 2291 in
1278 2245 1392 2302 alto,
1729 2262 1807 2291 200

138 2328 354 2377 fluminis
390 2328 604 2376 intrastis
642 2327 770 2390 ripas
806 2336 1051 2390 portuque
1089 2323 1284 2383 sedetis,

138 2427 200 2458 ne
236 2409 387 2472 fugite
422 2409 705 2473 hospitium,
746 2426 870 2457 neve
905 2407 1125 2470 ignorate
1163 2405 1367 2453 Latinos

138 2491 333 2539 Saturni
367 2500 581 2553 gentem‘
602 2492 737 2539 haud
774 2490 937 2538 vinclo
974 2505 1067 2536 nec
1103 2487 1292 2550 legibus
1328 2503 1551 2549 aequam,

137 2582 313 2634 sponte
351 2589 438 2620 sua
473 2571 748 2634 veterisque
785 2570 866 2619 dei
903 2587 955 2618 se
992 2585 1128 2617 more
1164 2576 1429 2616 tenentem.

137 2661 284 2714 atque
320 2651 552 2714 equidem
589 2651 792 2700 memini
832 2650 983 2715 (fama
1020 2659 1094 2699 est
1130 2647 1384 2698 obscurior
1418 2646 1582 2711 annis)
1726 2667 1801 2706 205

137 2734 399 2780 Auruncos
435 2731 502 2779 ita
537 2733 659 2780 ferre
696 2749 852 2791 senes,
892 2732 967 2779 his
1006 2740 1139 2779 ortus
1178 2738 1231 2777 ut
1266 2727 1391 2790 agris

140 2814 402 2861 Dardanus
441 2813 616 2860 Idaeas
654 2812 892 2874 Phrygiae
927 2810 1192 2874 penetrarit
1228 2810 1291 2857 ad
1329 2808 1474 2856 urbes

196 2944 383 2991 176-179
405 2941 562 2990 MPR3
596 2944 780 2990 180-207
811 2941 977 2979 FMPR
1242 2941 1317 2978 182
1350 2939 1501 2977 Martia
1521 2939 1591 2988 qui
1612 2937 1805 2978 Fle²cn

138 3008 216 3045 207
248 2997 480 3044 penetrarit
501 2996 543 3035 R
557 2996 707 3048 probat
728 2995 894 3046 Bentley
912 3009 922 3035 t
954 2994 1198 3046 penetravit
1214 2998 1327 3033 ‘cetera
