2014 3372
219 148 270 193 P.
310 144 608 193 VERGILI
649 141 973 191 MARONIS

219 302 369 348 quem
406 283 529 332 mihi
565 282 644 331 vix
679 284 874 345 frugum
912 290 960 329 et
996 289 1234 343 pecorum
1271 277 1499 328 custodia
1534 279 1704 336 sollers
1737 308 1739 311 -
1776 323 1777 327 ,

219 365 387 415 omnia
424 362 688 427 temptanti
724 363 993 420 extuderat,
1033 370 1081 409 te
1118 369 1273 409 matre
1309 359 1544 422 relinquo.

218 447 339 511 quin
375 463 465 510 age
501 455 549 494 et
585 445 692 507 ipsa
727 460 879 492 manu
915 441 1069 491 felicis
1105 458 1221 490 erue
1257 440 1415 500 silvas,

218 532 289 579 fer
314 527 518 578 stabulis
544 525 802 574 inimicum
828 524 993 589 ignem
1018 532 1168 586 atque
1193 521 1414 571 interfice
1440 520 1630 581 messis,

219 627 305 659 ure
345 618 449 658 sata
486 617 534 657 et
570 607 786 656 validam
823 605 874 653 in
910 604 1019 653 vitis
1058 602 1230 652 molire
1266 602 1552 666 bipennem,

219 701 356 741 tanta
392 707 535 739 meae
571 689 612 738 si
649 698 697 738 te
734 696 971 751 ceperunt
1008 684 1172 734 taedia
1208 683 1398 733 laudis.'

286 776 354 822 At
391 782 547 821 mater
583 770 802 820 sonitum
838 771 1057 818 thalamo
1094 767 1187 816 sub
1221 765 1436 815 fluminis
1471 765 1559 814 alti

220 855 385 905 sensit.
460 860 570 903 eam
607 852 793 902 circum
831 849 1028 899 Milesia
1064 850 1243 898 vellera
1279 848 1544 910 Nymphae

221 936 491 1000 carpebant
526 934 658 998 hyali
695 942 859 982 saturo
895 934 1059 981 fucata
1096 932 1276 989 colore,

222 1021 513 1081 Drymoque
548 1017 854 1078 Xanthoque
892 1013 1143 1077 Ligeaque
1181 1011 1601 1074 Phyllodoceque,

221 1098 488 1149 caesariem
526 1099 710 1147 effusae
747 1094 956 1144 nitidam
993 1110 1080 1156 per
1117 1091 1331 1141 candida
1369 1093 1509 1151 colla,

223 1179 440 1247 [Nesaee
478 1178 699 1243 Spioque
735 1175 1015 1239 Thaliaque
1053 1170 1483 1238 Cymodoceque,]

222 1263 552 1326 Cydippeque
588 1269 638 1309 et
673 1261 799 1308 flava
836 1256 1083 1321 Lycorias,
1122 1257 1274 1304 altera
1309 1254 1458 1317 virgo,

221 1348 373 1400 altera
409 1354 516 1393 tum
552 1342 738 1406 primos
776 1340 997 1389 Lucinae
1033 1347 1232 1402 experta
1267 1338 1474 1396 labores,

223 1428 438 1491 Clioque
474 1435 524 1475 et
561 1428 720 1474 Beroe
757 1440 906 1482 soror,
947 1420 1268 1473 Oceanitides
1305 1420 1496 1479 ambae,

223 1511 401 1559 ambae
437 1525 571 1567 auro,
610 1506 754 1570 pictis
791 1504 1037 1553 incinctae
1074 1502 1286 1567 pellibus
1321 1501 1513 1561 ambae,

223 1601 373 1656 atque
412 1592 611 1654 Ephyre
646 1597 796 1651 atque
833 1585 957 1649 Opis
994 1594 1043 1634 et
1079 1584 1199 1633 Asia
1237 1582 1463 1645 Deiopea

224 1683 272 1723 et
309 1674 513 1722 tandem
550 1669 723 1735 positis
760 1671 903 1718 velox
939 1668 1187 1716 Arethusa
1223 1664 1422 1728 sagittis.

224 1755 352 1804 inter
388 1771 510 1818 quas
548 1755 717 1802 curam
754 1753 996 1814 Clymene
1032 1748 1260 1798 narrabat
1296 1746 1497 1795 inanem

224 1835 449 1896 Volcani,
492 1834 768 1897 Martisque
803 1834 948 1882 dolos
984 1840 1033 1881 et
1069 1830 1234 1881 dulcia
1271 1831 1410 1888 furta,

224 1935 353 1982 aque
391 1919 534 1968 Chao
571 1918 755 1965 densos
792 1914 963 1964 divum
1001 1913 1294 1961 numerabat
1331 1928 1536 1960 amores.

225 1998 442 2049 carmine
479 2015 580 2062 quo
618 2006 792 2061 captae
828 1997 950 2045 dum
988 1994 1108 2044 fusis
1147 1993 1316 2043 mollia
1352 2010 1508 2056 pensa

225 2083 509 2141 devolvunt,
549 2080 727 2129 iterum
764 2087 1010 2127 maternas
1049 2076 1245 2140 impulit
1282 2075 1411 2125 auris

225 2165 386 2212 luctus
423 2161 648 2221 Aristaei,
687 2160 952 2223 vitreisque
990 2158 1227 2208 sedilibus
1268 2175 1441 2208 omnes

227 2244 511 2307 obstipuere
528 2260 541 2304 3
590 2243 679 2291 sed
715 2250 830 2290 ante
866 2240 985 2289 alias
1023 2242 1271 2289 Arethusa
1308 2257 1499 2289 sorores

227 2324 533 2389 prospiciens
570 2340 765 2373 summa
801 2325 985 2372 flavum
1023 2333 1171 2387 caput
1209 2323 1380 2373 extulit
1415 2324 1565 2382 unda,

230 2418 278 2457 et
313 2409 515 2471 procul:
556 2411 613 2456 ‘o
649 2407 836 2470 gemitu
875 2425 977 2457 non
1014 2411 1190 2458 frustra
1226 2407 1452 2458 exterrita
1486 2415 1638 2464 tanto,

231 2492 425 2553 Cyrene
461 2507 610 2551 soror,
651 2491 757 2555 ipse
794 2492 897 2553 tibi,
939 2504 1023 2543 tua
1060 2494 1274 2544 maxima
1310 2510 1439 2553 cura,

230 2571 378 2620 tristis
414 2571 667 2621 Aristaeus
707 2576 859 2625 Penei
895 2577 1129 2641 genitoris
1166 2578 1230 2626 ad
1267 2577 1455 2624 undam

232 2662 327 2702 stat
361 2653 637 2716 lacrimam,
678 2666 727 2706 et
763 2667 812 2707 te
849 2661 1100 2708 crudelem
1137 2657 1340 2707 nomine
1375 2655 1527 2705 dicit.'

1815 539 1894 579 330

1818 946 1895 987 335

1824 1763 1901 1806 345

1828 2172 1907 2215 350

1828 2586 1906 2628 355

287 2800 478 2839 327—344
509 2790 639 2830 MPR
657 2806 666 2842 ;
698 2791 890 2841 345-356
910 2788 1077 2828 GMPR
1189 2799 1268 2836 327
1299 2786 1509 2836 pecudum
1524 2782 1619 2833 ΜὙ2
1634 2780 1798 2820 Nonius
1816 2777 1905 2819 edd.

227 2842 406 2893 plerique
558 2859 634 2895 331
667 2844 870 2895 validam]
902 2845 1048 2883 duram
1079 2840 1132 2879 M
1137 2841 1147 2863 ¹
1169 2841 1341 2880 Ribbeck
1490 2839 1571 2888 338
1600 2849 1681 2874 om.
1705 2832 1910 2885 MPR7¹b

234 2910 316 2947 339
347 2899 545 2952 Cydippe
567 2906 609 2940 et
631 2899 813 2951 MP7²bc
1004 2910 1082 2946 347
1115 2902 1244 2945 atque
1266 2895 1401 2934 MRc:
1433 2893 1571 2942 adque
1604 2889 1641 2929 G

1827 2888 1909 2937 348

233 2952 338 2992 fusis
359 2957 458 2996 dum
481 2955 553 2995 M:
588 2957 687 2995 dum
707 2954 789 3007 fusi
813 2953 849 2993 G
988 2963 1070 3002 350
1099 2963 1245 2991 amnes
1267 2949 1335 2987 Ml
1476 2957 1556 2997 355
1587 2942 1744 2995 Penei]
1766 2941 1909 2992 magni

235 3007 401 3061 Bentley
