2014 3372
1327 179 1692 228 AENEIDOS
1734 180 1809 226 IV

135 315 336 380 indulge
371 316 588 381 hospitio
623 333 895 381 causasque
931 315 1129 367 innecte
1164 317 1406 378 morandi,

135 400 257 447 dum
293 401 468 463 pelago
504 398 723 448 desaevit
757 398 916 447 hiems
953 408 1002 447 et
1037 415 1253 462 aquosus
1291 398 1460 458 Orion,

134 490 493 544 quassataeque
529 490 667 539 rateS,
708 483 829 530 dum
865 478 968 529 non
1006 480 1260 529 tractabile
1297 482 1520 528 caelum)

204 561 300 610 His
337 561 481 610 dictis
518 561 746 624 impenso
781 560 1004 609 animum
1041 560 1310 609 flammavit
1345 578 1514 609 amore

134 658 375 704 spemque
411 640 550 690 dedit
586 640 768 689 dubiae
805 640 960 689 menti
997 640 1242 704 solvitque
1276 638 1533 704 pudorem.
1758 662 1808 702 55

134 721 375 785 principio
412 722 618 770 delubra
653 724 841 771 adeunt
876 739 1153 785 pacemque
1188 739 1276 785 per
1309 739 1418 770 aras

134 802 395 866 exquirunt
412 821 425 863 3
467 811 686 851 mactant
722 804 873 851 lectas
911 804 974 851 de
1011 819 1148 852 more
1183 802 1401 852 bidentis

133 884 361 948 legiferae
399 883 565 934 Cereri
602 885 912 947 Phoeboque
947 884 1172 948 patrique
1209 887 1390 948 Lyaeo,

135 964 320 1014 Iunoni
355 974 471 1013 ante
507 964 682 1025 omnis,
723 965 804 1014 cui
839 965 1001 1015 vincla
1035 965 1215 1030 iugalia
1250 983 1408 1015 curae.

132 1045 240 1108 ipsa
275 1054 448 1094 tenens
486 1047 656 1095 dextra
690 1055 909 1109 pateram
946 1046 1275 1111 pulcherrima
1313 1046 1450 1096 Dido
1757 1056 1813 1096 60

132 1127 390 1176 candentis
426 1145 606 1177 vaccae
642 1128 811 1177 media
842 1129 970 1178 inter
1005 1146 1190 1178 cornua
1226 1128 1401 1188 fundit,

131 1217 218 1256 aut
253 1217 367 1257 ante
403 1225 488 1257 ora
523 1211 674 1257 deum
710 1209 906 1272 pinguis
942 1209 1180 1272 spatiatur
1214 1211 1279 1259 ad
1314 1226 1434 1267 aras,

132 1288 468 1352 instauratque
505 1289 638 1338 diem
675 1289 835 1349 donis,
873 1291 1226 1353 pecudumque
1261 1288 1463 1339 reclusis

131 1370 415 1433 pectoribus
452 1370 646 1418 inhians
684 1370 918 1433 spirantia
953 1371 1167 1420 consulit
1203 1380 1325 1420 exta.

131 1452 245 1510 heu,
283 1461 451 1500 vatum
487 1451 684 1514 ignarae
719 1455 940 1501 mentes!
983 1451 1106 1516 quid
1140 1461 1257 1501 vota
1291 1454 1551 1511 furentem,
1758 1460 1808 1512 65

132 1531 254 1594 quid
276 1533 496 1583 idelubra
533 1532 737 1581 iuvant?
784 1542 858 1582 est
894 1532 1056 1581 mollis
1093 1534 1294 1581 flamma
1330 1534 1573 1581 medullas

131 1612 318 1675 interea
353 1623 401 1663 et
439 1614 644 1663 tacitum
682 1614 798 1663 vivit
834 1615 927 1664 sub
964 1624 1165 1678 pectore
1200 1616 1391 1663 vulnus.

131 1694 286 1744 uritur
320 1695 488 1744 infelix
526 1696 663 1745 Dido
700 1706 904 1759 totaque
940 1706 1141 1759 vagatur

132 1777 254 1825 urbe
290 1779 468 1836 furens,
510 1777 668 1840 qualis
705 1777 931 1826 coniecta
967 1794 1109 1827 cerva
1145 1777 1331 1840 sagitta,

131 1875 282 1920 quam
320 1860 492 1921 procul
529 1858 779 1907 incautam
816 1875 1020 1908 nemora
1056 1858 1182 1907 inter
1218 1858 1388 1909 Cresia
1423 1857 1527 1907 fixit
1762 1876 1811 1919 70

131 1948 299 2002 pastor
332 1956 482 2002 agens
520 1939 628 1988 telis
666 1939 909 2003 liquitque
945 1939 1141 1989 volatile
1177 1942 1358 1988 ferrum

131 2019 356 2068 nescius:
401 2020 482 2068 illa
519 2023 633 2084 fuga
670 2020 814 2069 silvas
852 2022 1103 2083 saltusque
1139 2030 1362 2084 peragrat

133 2100 400 2161 Dictaeos,·
441 2103 609 2150 haeret
644 2101 783 2150 lateri
818 2101 974 2150 letalis
1010 2103 1251 2150 harundo.

132 2199 266 2249 nunc
303 2182 468 2231 media
500 2186 708 2231 Aenean
744 2200 913 2232 secum
950 2200 1037 2246 per
1072 2183 1271 2232 moenia
1306 2182 1443 2232 ducit

133 2262 461 2326 Sidoniasque
498 2273 713 2313 ostentat
749 2281 869 2327 opes
906 2264 1181 2326 urbemque
1216 2272 1450 2326 paratam,
1760 2281 1807 2324 75

132 2343 306 2407 incipit
341 2345 476 2394 effari
513 2345 776 2409 mediaque
815 2346 866 2393 in
903 2362 1025 2394 voce
1062 2345 1270 2405 resistit,

133 2441 267 2473 nunc
303 2427 480 2474 eadem
517 2426 715 2476 labente
752 2426 834 2475 die
871 2426 1097 2475 convivia
1133 2425 1334 2489 quaerit,

135 2505 415 2569 Iliacosque
451 2506 628 2555 iterum
665 2509 871 2556 demens
909 2507 1079 2556 audire
1116 2507 1309 2555 labores

133 2586 354 2649 exposcit
390 2590 676 2651 pendetque
713 2589 890 2637 iterum
927 2588 1167 2636 narrantis
1201 2589 1267 2636 ab
1303 2604 1400 2636 ore.

133 2676 247 2730 post
283 2668 369 2716 ubi
406 2669 622 2732 digressi,
661 2672 931 2733 lumenque
969 2671 1179 2719 obscura
1213 2669 1429 2718 vicissim
1757 2678 1809 2717 80

133 2750 251 2797 luna
287 2750 465 2812 premit
501 2753 811 2814 suadentque
848 2752 1077 2801 cadentia
1114 2751 1273 2801 sidera
1316 2768 1533 2810 somnos,

189 2879 320 2925 51—81
355 2877 522 2917 FMPR
770 2891 820 2929 51
853 2881 1041 2930 hospitio
1071 2886 1114 2918 et
1146 2893 1294 2918 causas
1323 2879 1362 2917 F
1523 2890 1577 2928 53
1607 2879 1705 2917 dum
1728 2908 1736 2917 .
1762 2908 1770 2917 .
1795 2908 1804 2917 .

136 2931 297 2969 caelum
316 2931 495 2971 damnat
513 2933 682 2971 Ribbeck
814 2961 819 2963 Α
887 2943 938 2980 54
969 2932 1162 2980 impenso
1183 2930 1224 2968 F
1222 2931 1236 2953 ¹
1256 2931 1480 2971 Parisinus
1501 2934 1606 2982 7906
1626 2931 1812 2984 agnoscit

135 2982 249 3023 Serv.
267 2999 277 3025 ι
308 2999 444 3035 penso
464 2987 522 3025 Pl
542 3002 551 3026 :
582 2988 804 3027 incensum
823 2984 1131 3040 PMP²R7bcrr
1149 2988 1262 3028 Serv.
1353 2987 1626 3027 inflammavit
1647 2986 1815 3036 MP27b1

135 3038 189 3087 58
210 3038 438 3089 frugiferae
457 3040 604 3093 F1R72
