2014 3372
1231 188 1653 239 GEORGICON
1693 191 1768 237 IV

103 322 283 372 tristior
317 323 547 373 hibernas
583 327 722 374 caelo
757 326 1018 375 descendit
1053 326 1103 374 in
1139 328 1312 375 undas.
1691 348 1766 388 235

101 403 195 453 illis
231 404 300 453 ira
335 407 541 454 modum
579 422 725 468 supra
761 415 848 466 est,
886 409 1147 470 laesaeque
1181 424 1428 456 venenum

102 485 346 535 morsibus
381 486 633 550 inspirant,
673 496 721 536 et
757 487 945 550 spicula
981 505 1128 537 caeca
1163 489 1447 552 relinquunt

100 568 291 615 adfixae
326 568 475 627 venis,
515 567 805 631 animasque
841 569 893 616 in
928 571 1128 618 vulnere
1163 580 1370 632 ponunt.

100 648 175 696 sin
212 650 385 697 duram
423 659 612 698 metues
648 651 864 699 hiemem
901 667 1171 714 parcesque
1207 654 1371 701 futuro

99 739 470 793 contunsosque
505 731 698 780 animos
735 741 783 780 et
818 749 893 781 res
931 732 1225 782 miserabere
1260 737 1450 794 fractas,
1535 730 1538 732 ’
1605 777 1607 779 .
1685 756 1766 795 240

98 820 148 858 at
184 811 346 859 suffire
382 812 553 873 thymo
590 829 825 875 cerasque
862 812 1079 862 recidere
1114 814 1274 863 inanis

98 891 207 954 quis
245 891 477 940 dubitet?
524 909 641 940 nam
678 910 825 956 saepe
862 896 998 943 favos
1034 894 1231 958 ignotus
1267 896 1437 945 adedit

97 972 255 1020 stellio
292 982 340 1021 et
376 973 601 1036 lucifugis
639 984 872 1037 congesta
908 975 1089 1024 cubilia
1126 976 1290 1024 blattis

95 1052 430 1116 immunisque
466 1056 644 1103 sedens
680 1055 841 1104 aliena
875 1058 939 1105 ad
975 1057 1158 1119 pabula
1193 1058 1370 1117 fucus3

94 1143 179 1183 aut
213 1151 355 1197 asper
391 1135 563 1184 crabro
599 1136 868 1198 imparibus
904 1153 956 1186 se
992 1137 1259 1186 immiscuit
1294 1137 1455 1197 armis,
1684 1159 1759 1199 245

94 1224 179 1262 aut
215 1215 376 1263 dirum
414 1216 562 1265 tiniae
598 1234 766 1280 genus,
804 1227 888 1266 aut
924 1218 1079 1266 invisa
1117 1218 1372 1267 Minervae

94 1298 228 1344 laxos
264 1297 315 1344 in
351 1297 536 1345 foribus
573 1298 829 1361 suspendit
864 1316 1042 1347 aranea
1077 1299 1238 1347 cassis.

94 1393 195 1439 quo
231 1377 384 1440 magis
423 1380 687 1427 exhaustae
722 1378 900 1427 fuerint
937 1381 1033 1428 hoc
1068 1380 1226 1428 acrius
1263 1397 1436 1429 omnes

92 1458 382 1508 incumbent
416 1458 606 1522 generis
642 1459 766 1523 lapsi
801 1459 977 1508 sarcire
1011 1460 1176 1508 ruinas

93 1541 515 1603 complebuntque
551 1542 682 1589 foros
718 1550 767 1589 et
802 1541 1005 1589 floribus
1041 1543 1214 1590 horrea
1249 1551 1429 1590 texent.
1681 1561 1760 1603 250

160 1621 211 1669 Si
244 1608 374 1681 itero,
416 1621 652 1684 quoniam
689 1638 830 1670 casus
865 1621 1042 1684 apibus
1079 1639 1279 1685 quoque
1314 1631 1508 1671 nostros

91 1701 189 1750 vita
225 1703 347 1762 tulit,
389 1701 511 1751 tristi
548 1703 854 1765 languebunt
889 1720 1095 1766 corpora
1130 1704 1375 1752 morbo—-

91 1784 228 1844 quod
264 1783 362 1832 iam
399 1800 502 1832 non
538 1783 702 1831 dubiis
738 1782 920 1845 poteris
957 1800 1254 1847 cognoscere
1290 1784 1471 1848 signis:

91 1864 329 1913 continuo
366 1874 439 1913 est
475 1864 631 1926 aegris
666 1863 790 1912 alius
827 1866 992 1925 color3
1028 1864 1225 1913 horrida
1259 1867 1446 1913 vultum

90 1945 332 1994 deformat
368 1946 582 2006 macies3
628 1954 734 1993 tum
771 1961 976 2007 corpora
1011 1947 1121 1993 luce
1157 1954 1410 1993 carentum
1676 1965 1751 2005 255

90 2036 346 2087 exportant
381 2027 522 2076 tectis
559 2036 607 2075 et
643 2025 796 2073 tristia
830 2027 1002 2074 funera
1037 2027 1295 2074 ducunt—-

88 2116 173 2154 aut
208 2107 319 2156 illae
354 2108 565 2171 pedibus
602 2124 819 2155 conexae
853 2109 918 2154 ad
954 2106 1124 2154 limina
1158 2109 1378 2169 pendent

88 2196 172 2235 aut
207 2187 338 2237 intus
376 2190 551 2237 clausis
588 2197 883 2237 cunctantur
917 2187 967 2235 in
1003 2187 1210 2236 aedibus
1246 2205 1420 2236 omnes

88 2267 390 2333 ignavaeque
425 2273 554 2319 fame
591 2280 639 2319 et
674 2277 928 2318 contracto
964 2267 1138 2331 frigore
1172 2268 1350 2330 pigrae.

89 2358 193 2397 tum
231 2367 380 2400 sonus
416 2353 614 2401 auditur
648 2351 848 2415 gravior,
890 2349 1183 2412 tractimque
1219 2359 1481 2409 susurrant,
1672 2359 1752 2399 260

88 2429 288 2493 frigidus
324 2442 378 2480 ut
414 2435 668 2495 quondam
705 2432 837 2480 silvis
873 2431 1215 2479 immurmurat
1249 2433 1442 2489 Auster,

87 2519 141 2558 ut
177 2528 310 2561 mare
346 2513 609 2562 sollicitum
646 2513 804 2561 stridit
840 2511 1160 2560 refluentibus
1196 2510 1358 2569 undis,

86 2602 276 2642 aestuat
311 2603 365 2642 ut
400 2594 576 2643 clausis
612 2594 811 2657 rapidus
847 2593 1128 2642 fornacibus
1164 2591 1302 2655 ignis.

87 2672 167 2721 hic
203 2674 300 2722 iam
337 2676 603 2738 galbaneos
640 2676 862 2724 suadebo
899 2674 1163 2724 incendere
1199 2675 1377 2722 odores

141 2805 330 2852 235—264
352 2801 482 2840 MPR
645 2803 747 2840 Post
763 2816 798 2842 v.
823 2815 901 2852 235
918 2804 1108 2851 248—250
1127 2802 1265 2840 inserit
1283 2802 1451 2839 Ribbeck
1561 2804 1640 2851 238
1660 2803 1746 2841 vul-

87 2870 190 2905 nera
210 2857 302 2906 Ryc
409 2870 488 2906 239
518 2862 714 2895 metuens
737 2857 826 2906 R7¹
937 2869 1012 2905 241
1048 2858 1189 2894 suffire
1213 2856 1289 2906 γὸε
1304 2856 1568 2894 Priscianus:
1591 2856 1748 2895 suffere

86 2909 151 2950 P:
175 2912 357 2950 sufferre
378 2910 469 2948 MR
562 2910 728 2949 thumos
750 2910 802 2948 M
935 2923 1013 2958 242
1038 2910 1120 2948 iam
1140 2909 1182 2947 P
1275 2910 1467 2949 adhaesit
1487 2909 1530 2947 R
1669 2923 1747 2959 244

87 2965 238 3013 pocula
258 2964 311 3002 M
314 2965 325 2987 ¹
485 2977 561 3014 251
596 2965 753 3003 nostris
774 2965 816 3003 R
981 2977 1062 3014 259
1091 2964 1239 3014 ignava
1258 2964 1340 3002 PR
1492 2966 1572 3003 262
1599 2965 1747 3003 stridet

85 3017 220 3068 R7²bc

133 3100 263 3130 veno.
1610 3095 1634 3133 7
