2020 3372
1448 168 1730 217 ECLOGA
1768 169 1816 215 X

247 317 332 357 aut
369 309 492 356 deus
528 306 609 355 ille
645 306 785 355 malis
822 306 1084 355 hominum
1121 305 1378 355 mitescere
1414 305 1585 356 discat.

247 388 345 436 iam
382 404 546 450 neque
585 389 964 450 Hamadryades
1002 404 1166 435 rursus
1203 404 1367 450 neque
1403 387 1622 436 carmina
1654 385 1799 435 nobis

248 469 355 532 ipsa
390 470 589 531 placent
607 486 621 528 3
670 467 805 530 ipsae
841 484 1004 516 rursus
1042 467 1302 516 concedite
1339 467 1499 516 silvae.

247 565 349 597 non
386 548 525 596 illum
561 548 715 597 nostri
751 558 961 611 possunt
998 558 1188 597 mutare
1225 549 1433 607 labores,

246 647 338 678 nec
375 630 415 678 si
450 629 709 692 frigoribus
747 629 924 678 mediis
963 630 1295 693 Hebrumque
1332 630 1574 690 bibamus,
1757 637 1807 688 65

248 713 596 775 Sithoniasque
633 712 770 761 nives
807 712 983 761 hiemis
1020 713 1286 761 subeamus
1322 729 1552 775 aquosae,

247 810 340 842 nec
377 793 430 853 si,
470 810 585 841 curn
622 793 837 842 moriens
874 795 972 841 alta
1007 793 1130 842 liber
1164 803 1267 842 aret
1302 793 1353 841 in
1389 795 1540 852 ulmo,

246 874 552 938 Aethiopum
591 892 841 923 versemus
878 875 982 923 ovis
1019 875 1114 923 sub
1149 875 1308 924 sidere
1346 874 1538 925 Cancri.

248 955 415 1004 omnia
450 955 601 1004 vincit
639 959 824 1005 Amor:
876 966 925 1005 et
960 973 1052 1005 nos
1089 958 1325 1005 cedamus
1361 955 1565 1004 Amori.’

319 1038 462 1084 Haec
500 1046 573 1084 sat
610 1036 711 1096 erit,
752 1036 908 1096 divae,
946 1046 1162 1085 vestrum
1199 1036 1436 1085 cecinisse
1471 1046 1686 1099 poetam,
1763 1055 1812 1095 70

247 1119 368 1166 dum
405 1119 544 1166 sedet
581 1127 629 1166 et
664 1118 831 1181 gracili
868 1120 1103 1167 fiscellam
1140 1118 1259 1166 texit
1294 1117 1502 1177 hibisco,

247 1198 493 1247 Pierides:
544 1216 631 1247 vos
669 1201 792 1248 haec
829 1199 1016 1248 facietis
1054 1199 1267 1248 maxima
1304 1201 1463 1259 Gallo,

247 1281 404 1339 Gallo,
446 1279 586 1329 cuius
621 1297 760 1328 amor
796 1290 988 1328 tantum
1025 1280 1147 1328 mihi
1185 1280 1358 1329 crescit
1393 1280 1444 1328 in
1480 1282 1625 1329 horas

247 1369 487 1422 quantum
524 1377 637 1408 vere
673 1377 804 1409 novo
841 1361 1007 1409 viridis
1045 1378 1097 1409 se
1134 1361 1314 1409 subicit
1349 1363 1503 1410 alnus.

245 1457 528 1503 surgamus:
583 1442 708 1489 solet
744 1458 851 1490 esse
886 1440 1042 1504 gravis
1080 1442 1393 1490 cantantibus
1430 1442 1617 1501 umbra,
1763 1460 1808 1502 75

244 1520 454 1583 iuniperi
489 1521 645 1583 gravis
683 1522 859 1570 umbra
875 1540 889 1582 3
938 1532 1122 1571 nocent
1158 1533 1206 1571 et
1242 1523 1463 1587 frugibus
1500 1523 1718 1571 umbrae.

222 1600 312 1660 *ite
348 1603 555 1650 domum
592 1612 798 1663 saturae,
837 1603 972 1652 venit
1010 1606 1282 1667 Hesperus,
1322 1604 1388 1653 ite
1424 1606 1654 1667 capellae.

198 1731 332 1779 61-77
363 1730 495 1770 MPR
741 1734 796 1783 69
824 1733 964 1772 vincet
993 1734 1065 1772 M:
1106 1734 1208 1773 vicit
1235 1735 1277 1773 R
1445 1747 1496 1784 74
1526 1734 1721 1773 subducit
1741 1736 1810 1774 R:

145 1784 324 1834 subrigit
376 1784 509 1836 (quod
542 1791 685 1837 postea
713 1787 756 1826 in
800 1802 829 1825 π
868 1788 1081 1827 inventum
1120 1791 1194 1840 est)
1238 1788 1397 1827 coniea't
1429 1787 1469 1825 V
1462 1788 1621 1842 alesius,
1660 1790 1814 1840 probat

145 1837 507 1888 Kvt'balafonasse
526 1845 620 1880 recte
