2046 3380
235 126 289 174 P.
327 125 627 173 VERGILI
666 124 992 174 MARONIS

235 270 311 319 sin
346 270 398 319 in
434 287 670 334 processu
707 270 872 333 coepit
909 271 1199 320 crudescere
1235 270 1452 327 morbus,
1719 333 1723 335 Β

234 364 341 403 tum
376 372 493 404 vero
529 356 759 404 ardentes
796 353 929 402 oculi
964 363 1115 416 atque
1149 362 1384 402 attractus
1419 353 1484 402 ab
1522 354 1623 402 alto
1830 373 1909 414 505

235 436 445 500 spiritus,
486 436 737 486 interdum
774 436 962 500 gemitu
998 435 1167 500 gravis,
1208 435 1408 498 imaque
1442 437 1593 499 longo

234 518 316 567 ilia
351 518 568 583 singultu
605 520 831 579 tendunt,
872 518 909 568 it
945 518 1145 568 naribus
1181 527 1285 567 ater

235 600 446 664 sanguis,
487 610 536 649 et
572 602 799 650 obsessas
836 603 1003 650 fauces
1040 600 1219 665 premit
1253 617 1428 664 aspera
1463 600 1641 665 lingua.

234 681 418 744 profuit
453 681 638 731 inserto
674 682 844 732 latices
880 682 1141 731 infundere
1179 699 1332 731 cornu

237 766 498 825 Lenaeos3
539 782 597 814 ea
632 765 736 814 visa
771 767 903 814 salus
940 764 1265 814 morientibus
1301 782 1413 814 una.
1825 784 1916 825 v510

236 862 352 894 mox
388 855 490 894 erat
526 847 623 895 hoc
659 846 823 909 ipsum
860 845 1022 906 exitio,
1061 845 1298 909 furiisque
1333 845 1502 895 refecti

235 929 490 989 ardebant,
529 928 724 993 ipsique
761 946 876 978 suos
913 929 1011 978 iam
1048 938 1207 978 morte
1245 929 1337 978 sub
1371 945 1518 992 aegra

237 1012 310 1078 (di
347 1013 550 1062 meliora
586 1013 694 1077 piis,
735 1012 1050 1076 erroremque
1087 1011 1313 1061 hostibus
1349 1011 1487 1078 illum
1510 1009 1541 1076 ἔ)

235 1094 468 1144 discissos
505 1095 653 1144 nudis
690 1095 943 1144 laniabant
980 1093 1214 1158 dentibus
1250 1102 1395 1142 artus,

236 1196 353 1229 ecce
388 1189 556 1229 autem
593 1181 718 1229 duro
754 1181 950 1228 fumans
989 1179 1080 1227 sub
1117 1195 1317 1227 vomere
1352 1187 1520 1227 taurus
1835 1198 1913 1239 515

238 1261 458 1311 concidit
495 1271 543 1310 et
580 1262 788 1311 mixtum
825 1262 1014 1326 spumis
1050 1263 1206 1312 vomit
1242 1280 1326 1312 ore
1363 1260 1587 1312 cruorem

238 1353 584 1407 extremosque
621 1344 717 1393 ciet
753 1343 977 1408 gemitus.
1053 1345 1091 1393 it
1127 1344 1274 1393 tristis
1309 1354 1471 1393 arator

237 1434 540 1474 maerentem
576 1424 851 1487 abiungens
889 1427 1100 1474 fraterna
1137 1435 1294 1475 morte
1330 1425 1608 1486 iuvencum,

234 1517 385 1571 atque
421 1525 571 1571 opere
607 1507 658 1555 in
695 1507 864 1556 medio
902 1510 1063 1557 defixa
1099 1508 1331 1571 relinquit
1365 1517 1536 1557 aratra.

235 1607 338 1639 non
375 1590 581 1638 umbrae
616 1590 829 1638 altorum
866 1606 1140 1650 nemorum,
1181 1607 1284 1639 non
1320 1590 1490 1638 mollia
1523 1599 1734 1653 possunt
1836 1610 1918 1650 520

238 1681 378 1736 prata
414 1689 613 1721 movere
648 1672 887 1732 animum,
927 1690 1029 1721 non
1067 1672 1151 1735 qui
1187 1689 1274 1735 per
1310 1669 1424 1721 saxa
1458 1674 1655 1721 volutus

236 1754 404 1818 purior
439 1756 622 1802 electro
659 1770 893 1817 campum
931 1753 1054 1817 petit
1089 1752 1284 1813 amnis3
1324 1762 1374 1801 at
1408 1752 1509 1801 ima

236 1838 493 1885 solvuntur
528 1837 692 1894 latera,
731 1844 882 1898 atque
920 1837 1092 1884 oculos
1129 1844 1302 1898 stupor
1336 1843 1476 1897 urget
1510 1832 1678 1882 inertis

235 1917 300 1964 ad
336 1924 614 1977 terramque
651 1913 758 1962 fluit
794 1916 984 1963 devexo
1021 1915 1244 1978 pondere
1280 1913 1453 1963 cervix.
1836 1934 1916 1975 524
1976 1911 1986 1915 ”

236 1994 357 2058 quid
393 1994 533 2042 labor
568 2002 653 2041 aut
689 1994 951 2042 benefacta
987 1993 1193 2042 iuvant?
1241 1993 1362 2057 quid
1397 2009 1598 2042 vomere
1634 2001 1784 2041 terras

235 2075 491 2125 invertisse
526 2075 721 2139 gravis?
763 2075 902 2138 atqui
938 2092 1041 2124 non
1079 2074 1297 2124 Massica
1333 2073 1520 2123 Bacchi

237 2174 452 2216 munera,
494 2173 597 2205 non
634 2156 727 2205 illis
766 2158 942 2220 epulae
978 2174 1193 2206 nocuere
1228 2165 1484 2220 repostae:

235 2239 495 2288 frondibus
533 2247 583 2287 et
617 2237 751 2286 victu
788 2247 1057 2301 pascuntur
1092 2237 1329 2300 simplicis
1365 2237 1562 2297 herbae,

235 2323 416 2385 pocula
452 2329 567 2369 sunt
603 2322 764 2369 fontes
802 2320 977 2383 liquidi
1013 2329 1162 2383 atque
1199 2318 1410 2368 exercita
1444 2334 1591 2368 cursu

236 2399 455 2459 fiumina,
495 2416 589 2448 nec
625 2416 828 2448 somnos
864 2398 1114 2462 abrumpit
1150 2416 1267 2447 cura
1302 2397 1523 2447 salubris.
1791 2447 1793 2449 ,
1833 2417 1916 2457 530

237 2490 460 2544 tempore
497 2498 599 2530 non
635 2480 733 2530 alio
770 2480 944 2530 dicunt
979 2480 1261 2544 regionibus
1297 2479 1391 2528 illis

237 2565 484 2630 quaesitas
520 2566 585 2613 ad
623 2581 759 2613 sacra
794 2565 949 2614 boves
988 2563 1196 2613 Iunonis
1233 2572 1281 2612 et
1316 2562 1415 2612 uris

236 2647 507 2711 imparibus
544 2649 722 2696 ductos
758 2648 857 2694 alta
891 2648 957 2694 ad
993 2646 1200 2695 donaria
1234 2662 1417 2694 currus.

238 2747 352 2793 ergo
388 2746 531 2793 aegre
566 2728 729 2778 rastris
766 2737 944 2776 terram
980 2727 1229 2786 rimantur,
1270 2736 1319 2775 et
1354 2726 1472 2790 ipsis

238 2810 485 2874 unguibus
521 2809 771 2859 infodiunt
807 2811 981 2872 fruges,
1022 2808 1307 2872 montisque
1342 2825 1430 2871 per
1464 2810 1589 2856 altos
1831 2826 1910 2866 535

294 2953 485 2991 504-535
509 2939 638 2979 MPR
860 2941 941 2989 506
962 2939 1151 2991 imaque]
1174 2939 1342 2989 altaque
1364 2937 1418 2976 M
1424 2938 1439 2961 ¹
1569 2949 1651 2987 509
1671 2938 1856 2976 insertos
1875 2934 1919 2974 P

240 3008 315 3045 511
351 2996 479 3035 exitio
510 2996 589 3034 hoc
621 2995 758 3044 ipsum
789 2994 832 3032 P
993 3007 1073 3044 513
1104 2995 1387 3043 ardoremque
1421 2992 1464 3030 R
1631 3004 1713 3041 519
1743 2991 1912 3040 reliquit

239 3051 307 3090 Ρπ
325 3051 518 3089 Donatus
683 3061 763 3098 534
793 3049 871 3099 ipsi
893 3048 973 3087 Pb1
