2046 3380
1297 166 1722 216 GEORGICON
1762 166 1848 213 III

178 310 316 360 frena
352 308 652 360 Pelethronii
689 308 931 373 Lapithae
967 324 1209 372 gyrosque
1242 308 1426 357 dedere
1772 327 1845 366 115

119 430 121 432 -
178 391 396 454 impositi
432 392 594 450 dorso,
633 399 783 453 atque
819 389 1039 452 equitem
1075 390 1291 437 docuere
1328 388 1421 437 sub
1456 387 1604 436 armis

178 472 412 521 insultare
448 474 555 521 solo
591 481 640 520 et
675 487 868 535 gressus
904 472 1175 533 glomerare
1211 470 1464 532 superbos.

177 567 366 613 aequus
403 560 609 614 uterque
645 551 797 610 labor,
835 566 994 612 aeque
1030 549 1362 612 iuvenemque
1399 548 1615 612 magistri

178 631 441 694 exquirunt
475 632 791 696 calidumque
827 631 1005 680 animis
1041 641 1090 680 et
1125 630 1349 679 cursibus
1384 648 1580 691 acrem;

179 713 404 775 quamvis
440 730 587 776 saepe
625 715 740 777 fuga
775 730 940 762 versos
976 712 1058 761 ille
1094 714 1244 776 egerit
1279 712 1450 772 hostis,
1774 731 1852 760 120

180 802 229 842 et
265 793 472 857 patriam
511 794 718 858 Epirum
756 796 930 843 referat
965 793 1203 857 fortisque
1242 796 1496 856 Mycenas,

180 874 504 938 Neptunique
540 875 647 939 ipsa
682 877 898 924 deducat
934 874 1122 938 origine
1156 884 1370 938 gentem.

182 960 185 962 ’
248 955 345 1004 His
380 955 733 1005 animadversis
770 955 954 1006 instant
990 957 1082 1005 sub
1120 965 1316 1019 tempus
1353 966 1402 1005 et
1438 955 1600 1004 omnis

178 1035 475 1099 impendunt
512 1054 651 1086 curas
688 1039 846 1086 denso
882 1037 1164 1087 distendere
1200 1037 1370 1100 pingui

179 1132 329 1180 quem
366 1120 526 1181 legere
561 1121 742 1168 ducem
779 1128 827 1167 et
863 1119 1030 1182 pecori
1066 1119 1231 1168 dixere
1268 1118 1528 1179 maritum;
1775 1139 1848 1179 125

179 1199 498 1263 florentisque
535 1210 703 1249 secant
738 1201 915 1249 herbas
951 1200 1228 1264 fluviosque
1266 1200 1544 1249 ministrant

179 1282 418 1343 farraque,
457 1299 520 1330 ne
555 1283 742 1330 blando
779 1291 994 1344 nequeat
1031 1298 1287 1344 superesse
1322 1281 1479 1329 labori

179 1360 481 1425 invalidique
517 1372 711 1425 patrum
747 1365 957 1411 referant
992 1362 1175 1411 ieiunia
1210 1362 1326 1411 nati.

178 1440 285 1504 ipsa
320 1452 484 1491 autem
524 1442 681 1491 macie
717 1452 923 1491 tenuant
958 1453 1181 1492 armenta
1215 1444 1450 1503 volentes,

179 1531 343 1585 atque,
382 1523 469 1572 ubi
506 1523 800 1573 concubitus
836 1524 1022 1587 primos
1058 1524 1156 1573 iam
1193 1533 1312 1572 nota
1348 1526 1574 1587 voluptas
1777 1545 1854 1585 130

181 1604 424 1665 sollicitat,
464 1607 764 1668 frondesque
800 1615 983 1670 negant
1018 1615 1067 1655 et
1103 1606 1324 1655 fontibus
1360 1616 1542 1655 arcent.

180 1702 327 1749 saepe
364 1686 514 1735 etiam
550 1704 695 1735 cursu
732 1687 962 1750 quatiunt
996 1697 1045 1736 et
1082 1690 1186 1737 sole
1222 1687 1440 1750 fatigant,

179 1784 294 1816 cum
331 1767 538 1831 graviter
575 1767 731 1816 tunsis
766 1768 918 1831 gemit
954 1785 1067 1817 area
1103 1768 1337 1831 frugibus,
1377 1778 1426 1818 et
1462 1786 1578 1817 curn

182 1859 463 1912 surgentem
500 1851 566 1898 ad
601 1851 882 1912 Zephyrum
918 1852 1089 1913 paleae
1125 1849 1368 1899 iactantur
1403 1850 1588 1899 inanes.

179 1931 276 1979 hoc
312 1930 512 1991 faciunt,
552 1930 707 1979 nimio
743 1947 807 1979 ne
843 1932 959 1979 luxu
995 1930 1254 1980 obtunsior
1290 1947 1406 1980 usus
1777 1953 1852 1993 135

180 2011 242 2060 sit
276 2012 476 2075 genitali
512 2030 628 2061 arvo
666 2022 714 2062 et
750 2014 914 2061 sulcos
950 2012 1157 2061 oblimet
1193 2011 1375 2072 inertis,

180 2095 270 2142 sed
305 2093 460 2157 rapiat
496 2094 665 2143 sitiens
703 2097 951 2142 Venerem
988 2093 1291 2157 interiusque
1327 2096 1576 2144 recondat.

250 2177 440 2224 Rursus
477 2192 594 2223 cura
630 2184 824 2239 patrum
864 2176 1040 2223 cadere
1077 2184 1125 2222 et
1161 2177 1427 2224 succedere
1464 2185 1676 2224 matrum

181 2254 365 2319 incipit.
442 2255 623 2304 exactis
661 2255 890 2319 gravidae
928 2272 1043 2304 cum
1082 2255 1335 2304 mensibus
1372 2266 1545 2316 errant,

182 2353 285 2385 non
320 2336 426 2385 illas
462 2337 690 2400 gravibus
729 2337 993 2400 quisquam
1034 2336 1147 2399 iuga
1183 2339 1363 2385 ducere
1400 2337 1641 2399 plaustris,
1780 2359 1857 2398 140

183 2434 285 2466 non
322 2420 447 2466 saltu
484 2435 712 2482 superare
748 2419 879 2467 viam
918 2419 979 2467 sit
1015 2435 1188 2482 passus
1226 2427 1274 2467 et
1308 2418 1408 2467 acri

183 2515 381 2560 carpere
417 2509 555 2561 prata
591 2502 705 2562 fuga
741 2499 1018 2563 fluviosque
1057 2499 1228 2548 innare
1264 2499 1464 2563 rapacis.

183 2579 388 2629 saltibus
424 2580 475 2628 in
510 2581 676 2630 vacuis
713 2591 923 2644 pascunt
958 2591 1007 2630 et
1044 2584 1191 2645 plena
1228 2583 1504 2630 secundum

184 2661 402 2721 flumina,
441 2679 639 2711 muscus
676 2662 763 2711 ubi
800 2672 848 2711 et
878 2662 1172 2712 viridissima
1209 2663 1429 2726 gramine
1465 2663 1582 2726 ripa,

243 2802 427 2839 115-144
459 2790 589 2829 MPR
854 2806 929 2831 122
961 2793 1153 2844 gentem]
1191 2806 1347 2832 nomen
1388 2794 1429 2831 R
1616 2807 1691 2843 123
1721 2794 1859 2833 anima

185 2843 374 2884 adversis
388 2844 483 2893 Μ-γ1
502 2859 509 2882 :
541 2847 729 2885 animum
742 2848 932 2886 adversis
946 2847 1189 2891 PR1bheck;
1223 2849 1270 2897 cf
1290 2848 1330 2887 ii.
1352 2860 1434 2898 259
1589 2861 1663 2898 125
1694 2850 1861 2898 pecoris

186 2899 335 2937 dixere
358 2901 603 2949 magistrum
623 2900 666 2938 P
818 2914 892 2950 127
924 2909 1142 2950 nequeant
1162 2901 1258 2940 Pbcl
1278 2916 1287 2940 :
1318 2915 1536 2951 nequeans
1560 2902 1611 2939 M
1616 2903 1628 2925 1
1783 2915 1860 2951 130

186 2954 412 2992 concubitu
444 2954 580 3004 primo
610 2955 850 3006 Peerlkamp
962 2956 1157 2994 voluntas
1184 2955 1228 2993 P
1350 2969 1422 3006 141
1456 2958 1545 3006 agri
1567 2957 1653 3008 R-yl
1784 2970 1859 3006 143

187 3012 362 3056 pascant
383 3006 559 3059 M²7²b⁶³
729 3022 804 3057 144
838 3010 1028 3059 gramina
1050 3009 1166 3060 ripae
1188 3007 1240 3047 M
